2865 3711
356 637 470 690 Quas
486 639 644 692 scripta
661 636 1012 679 commentatione
1023 634 1075 678 de
1096 632 1309 677 vocabulis
1328 631 1392 675 vel
1407 643 1636 685 pugnam
1656 632 1722 675 vel
1739 645 1766 686 p
1778 645 1806 675 u
1813 645 1968 687 gnare
1988 632 2318 689 significantibus
2334 631 2607 685 Quaestiones

221 709 486 764 Lexilogicas
512 708 566 752 ad
595 708 824 752 Homerum
850 707 1107 762 pertinentes
1118 707 1150 758 ¹)
1180 703 1380 755 inchoavi,
1421 716 1568 748 earum
1603 710 1769 759 partem
1805 707 1990 760 aliquam
2029 706 2128 752 huie
2168 714 2345 761 quoque·
2367 705 2606 750 scholarum

210 775 348 825 'indici
379 792 638 835 praeponere
663 780 718 823 ad
736 781 937 822 iuvenum
956 777 1129 821 Homeri
1158 777 1347 819 carmina
1375 776 1604 830 legentium
1622 777 1764 821 studia
1784 777 1996 821 incitanda
2024 782 2067 820 et
2085 778 2326 823 adiuvanda
2344 789 2429 821 non
2454 777 2606 820 inutile

222 865 313 898 esse
340 853 535 897 arbitror.
585 850 948 903 Quemadmodum
970 850 1042 893 illa
1061 849 1345 904 disputatione
1374 848 1415 891 id
1443 848 1709 902 potissimum
1738 850 1820 904 egi,
1848 854 1896 891 ut
1925 851 1968 892 in
1996 862 2320 905 synonymorum
2338 848 2606 905 quorundam

222 937 344 969 usum
378 928 422 968 et
451 923 794 979 significationem
816 922 1090 975 inquirerem,
1137 922 1200 964 ita
1228 921 1471 964 etiamnunc
1509 921 1659 965 eadem
1688 923 1902 966 occasione
1936 923 2078 965 oblata
2106 924 2148 965 in
2176 923 2322 966 eodem
2352 926 2605 977 argumento

223 995 383 1039 versari
411 1000 458 1040 et
485 994 558 1049 qui
585 1007 689 1039 usus
708 997 818 1038 esset
841 1004 1034 1048 quaeque
1062 991 1310 1047 significatio
1340 992 1563 1037 verborum
1599 997 1793 1051 φρονεῖν,
1830 997 1960 1047 νοεῖν,
1994 992 2240 1050 γιγνώσκειν
2267 1006 2477 1050 exponere
2504 1005 2602 1038 con·

224 1067 357 1113 stitui.
415 1067 472 1112 Et
498 1067 696 1122 quoniam
723 1065 1021 1121 discipulorum
1049 1064 1324 1121 potissimum,
1354 1067 1403 1108 ut
1429 1076 1510 1119 par
1530 1067 1605 1118 est,
1633 1065 1840 1110 rationem
1872 1065 2106 1111 habendam
2133 1079 2223 1111 aese
2242 1066 2423 1111 iudicavi
2449 1065 2606 1110 omissa

222 1139 449 1196 originis
477 1140 720 1195 quaestione
751 1162 801 1170 —
831 1138 935 1183 talia
974 1138 1083 1183 enim
1121 1137 1175 1182 ad
1202 1137 1413 1183 diversum
1441 1137 1659 1182 librorum
1697 1150 1829 1193 genus
1856 1139 2068 1194 pertinent
2115 1139 2352 1184 reconditae
2383 1137 2602 1184 doctrinae

221 1214 441 1270 plenorum
486 1236 536 1244 —
582 1213 686 1257 haec
727 1211 810 1257 duo
851 1211 953 1256 mihi
997 1210 1206 1266 proposui,
1266 1209 1445 1265 primum
1489 1214 1539 1255 ut
1580 1222 1708 1264 quam
1751 1212 1944 1266 plurimis
1987 1211 2310 1268 unumquodque
2352 1212 2605 1255 vocabulum

223 1285 424 1340 exemplis
454 1285 739 1338 inlustrarem‚
780 1285 931 1339 quibus
974 1285 1027 1328 de
1065 1295 1146 1327 usu
1188 1287 1233 1327 et
1274 1281 1575 1336 significatione
1601 1284 1800 1328 iudicium
1829 1283 1919 1327 fieri
1948 1288 2104 1338 posset,
2136 1284 2285 1328 deinde
2312 1289 2375 1338 ut,
2418 1285 2493 1337 qui
2522 1283 2604 1327 loci

223 1357 383 1410 aliquid
424 1356 682 1401 difficultatis
729 1356 885 1399 habere
928 1356 1183 1406 viderentur,
1227 1367 1299 1397 eos
1341 1355 1592 1408 explicarem
1636 1358 1682 1398 et
1721 1357 1764 1397 in
1811 1356 1995 1411 patrium
2038 1368 2269 1400 sermonem
2304 1360 2604 1399 converterem.

221 1429 460 1473 Editionem
489 1429 761 1472 Baeumleinii
799 1433 967 1471 secutus
1009 1440 1103 1470 sum
1132 1429 1202 1478 ita,
1249 1431 1298 1469 ut
1332 1428 1367 1470 si
1395 1427 1494 1480 quid
1535 1427 1786 1481 displiceret,
1825 1440 1900 1471 cur
1935 1432 2165 1471 statuerem
2208 1428 2458 1471 mutandum
2499 1438 2603 1480 esse,

224 1501 433 1543 adderem.

340 1622 737 1667 Vocabulorum
778 1616 937 1678 φρήν,
979 1621 1223 1676 φρονεῖν,
1265 1615 1396 1670 νόος,
1442 1622 1604 1672 νοεῖν,
1647 1615 1964 1675 γιγνώσκειν
2008 1622 2096 1674 qui
2136 1621 2206 1663 sit
2252 1633 2380 1664 usus
2424 1623 2477 1664 in

1107 1708 1322 1751 Homeri
1365 1709 1707 1752 carminibus.

1319 1808 1531 1869 Φρήν.

351 1917 567 1974 Loquendi
597 1918 781 1963 formula
819 1914 927 1960 κατὰ
965 1917 1102 1976 φρένα
1139 1916 1211 1961 καὶ
1251 1914 1360 1961 κατὰ
1387 1913 1534 1972 θυμόν
1577 1918 1701 1963 vicies
1730 1919 1859 1962 semel
1898 1918 2012 1974 apud
2041 1918 2270 1964 Homerum
2298 1919 2453 1976 legitur
2480 1923 2600 1966 ante-

222 1991 467 2035 cedentibus
496 1990 634 2034 verbis
661 1990 730 2033 vel
761 1985 1006 2046 φράζεσθαι
1035 1985 1088 2045 δὴ
1119 1986 1276 2032 ἔπειτα
1303 2004 1332 2031 α
1351 1992 1444 2034 294.
1477 1992 1515 2034 Ο
1547 1993 1638 2047 163,
1669 1992 1737 2035 vel
1766 1988 2001 2048 μερμήριξε
2030 1991 2067 2034 δ’
2100 1988 2254 2035 ἔπειτα
2282 1992 2309 2035 δ
2341 1996 2432 2046 117,
2461 2008 2487 2035 κ
2519 1980 2599 2037 151

223 2058 511 2120 (μερμήριξα),
556 2077 591 2104 ω
623 2065 716 2114 235,
757 2064 796 2104 Ε
821 2065 917 2115 671,
960 2062 1029 2104 vel
1069 2059 1212 2105 πολλὰ
1255 2060 1303 2105 δὲ
1330 2059 1563 2119 μερμήριζε
1593 2079 1617 2105 υ
1652 2066 1715 2117 10,
1758 2064 1824 2107 vel
1855 2063 1948 2117 τρὶς
1987 2063 2066 2118 μὲν
2092 2060 2325 2120 μερμήριξε
2357 2065 2396 2107 Θ
2429 2066 2509 2108 169
2540 2067 2604 2116 (et

221 2130 457 2193 μερμήριξε
500 2129 609 2176 κατὰ
649 2132 787 2190 φρένα
817 2135 858 2175 Β
888 2133 944 2187 3),
986 2133 1053 2177 vel
1082 2131 1166 2184 ἕως
1190 2129 1214 2176 ὁ
1243 2133 1371 2176 ταῦθ’
1402 2130 1591 2189 ὥρμαινε
1630 2135 1657 2178 δ
1687 2139 1777 2188 120,
1817 2151 1837 2177 ε
1872 2139 1963 2188 365,
2008 2140 2100 2187 424,
2145 2137 2169 2189 ζ
2201 2140 2276 2179 118
2305 2132 2527 2190 (ἑζόμενος
2556 2136 2593 2179 δ’

221 2202 443 2262 ὥρμαινε),
473 2208 527 2248 A
550 2208 641 2259 193,
671 2207 723 2248 A
748 2208 842 2257 411,
875 2207 915 2248 Ρ
942 2206 1033 2257 106,
1061 2206 1101 2247 Σ
1129 2208 1179 2248 15
1210 2207 1272 2256 (et
1293 2206 1445 2250 omisso
1473 2203 1582 2248 κατὰ
1610 2202 1757 2261 θυμόν
1788 2210 1831 2249 Κ
1851 2208 1963 2261 507),
1993 2208 2061 2252 vel
2076 2197 2123 2249 εὖ
2138 2204 2219 2262 γὰρ
2248 2204 2329 2262 ἐγώ
2361 2204 2465 2250 τόδε
2495 2201 2598 2251 οἶδα

220 2294 244 2323 ο
275 2281 369 2331 211,
404 2277 494 2333 (ubi
522 2278 691 2323 Troiam
721 2277 990 2322 interituram
1018 2289 1112 2322 esse
1140 2277 1279 2322 minus
1295 2281 1393 2334 apte
1409 2290 1436 2322 a
1454 2278 1692 2332 Pisistrato,
1724 2277 1914 2324 Nestoris
1935 2279 2030 2332 filio,
2058 2278 2293 2323 firmissime
2311 2278 2601 2335 adseveratur,

221 2353 367 2407 quam)
397 2352 441 2394 A
467 2351 545 2394 163
575 2350 683 2405 (eius
721 2349 836 2394 urbis
873 2349 1047 2394 exitium
1091 2348 1145 2394 ab
1181 2349 1494 2405 Agamemnone
1529 2365 1606 2407 pro
1635 2357 1749 2396 certo
1787 2351 2024 2396 affirmatur
2051 2354 2111 2406 et)
2141 2357 2183 2394 Z
2206 2356 2287 2395 447
2319 2353 2390 2405 (ab
2413 2352 2599 2396 Hectore

222 2424 490 2479 praesagitur
501 2422 546 2477 ²),
586 2422 652 2467 vel
697 2421 877 2476 denique
919 2418 1087 2480 νήπιος,
1131 2416 1221 2466 οὐδ’
1266 2418 1416 2479 ἐνόησε
1452 2426 1491 2466 Y
1516 2425 1597 2467 264
1634 2429 1679 2468 et
1708 2423 1770 2478 (in
1812 2438 1959 2468 versus
1988 2423 2213 2477 particula)
2242 2423 2293 2465 αἵ
2316 2422 2360 2476 μ’
2392 2422 2602 2478 ἐρέθουσι

220 2496 247 2540 δ
273 2497 370 2540 813.
426 2494 502 2539 His
536 2494 639 2539 locis
685 2490 803 2552 φρήν
841 2493 1065 2547 respondet
1094 2493 1341 2539 Latinorum
1370 2495 1458 2539 voci
1498 2507 1636 2550 mens
1664 2495 1817 2552 (Sinn),
1862 2495 2108 2556 vocabulum
2152 2491 2300 2550 θυμός
2340 2495 2393 2540 de
2428 2497 2601 2541 animo

222 2565 444 2622 (Gemiith)
474 2566 800 2621 intellegendum
829 2569 894 2610 est
902 2567 951 2621 ⁸).
1008 2564 1236 2610 Praeterea
1271 2567 1433 2611 numeri
1473 2568 1700 2624 singularis
1728 2569 1920 2623 exempla
1949 2568 2051 2613 haec
2075 2567 2295 2622 leguntur:
2340 2567 2368 2611 δ
2400 2570 2480 2612 102
2510 2565 2599 2625 γόῳ

220 2638 358 2697 φρένα
387 2638 615 2694 τέρπομαι,
655 2650 753 2682 nam
790 2638 972 2682 lacrimis
998 2637 1165 2683 dolores
1195 2638 1453 2693 minuuntur,
1482 2641 1520 2683 θ
1551 2642 1626 2683 131
1662 2635 1822 2692 πάντες
1851 2638 2126 2698 ἐτέρφθησαν
2153 2637 2274 2699 φρέν’
2307 2632 2504 2698 ἀέθλοις,
2531 2641 2602 2686 ubi

222 2723 446 2756 numerum
473 2710 680 2766 pluralem
710 2714 941 2766 exspecta8‚
973 2711 1048 2757 sed
1077 2712 1223 2756 eadem
1255 2713 1362 2757 ratio
1390 2715 1455 2758 est
1483 2728 1508 2767 ρ
1528 2715 1607 2756 174
1639 2711 1882 2771 ἐτέρφθητε
1913 2712 2034 2771 φρέν’
2061 2706 2254 2765 ἀέθλοις.
2311 2716 2366 2756 A
2386 2717 2468 2757 474
2495 2709 2521 2758 ὁ
2551 2712 2600 2758 δὲ

218 2782 354 2844 φρένα
380 2781 551 2839 τέρπετ’
582 2777 768 2837 ἀκούων,
799 2786 826 2825 Ι
860 2784 936 2826 186
965 2779 1042 2827 τὸν
1068 2783 1105 2827 δ’
1139 2772 1271 2839 εὗρον
1311 2785 1447 2842 φρένα
1472 2782 1744 2841 τερπόμενον
1771 2790 1814 2830 et
1843 2787 1895 2831 de
1913 2786 2017 2830 Jove
2047 2788 2151 2829 Y23
2183 2782 2279 2829 ἔνθ’
2311 2788 2372 2841 (in
2402 2786 2597 2843 Olympo)

354 2919 388 2965 1)
417 2916 559 2954 »Ueber
583 2917 643 2953 die
667 2916 923 2954 homerischen
960 2917 1179 2955 Ausdrfieke
1210 2917 1271 2954 fiir
1303 2918 1475 2966 Kampf
1507 2920 1584 2957 und
1607 2920 1774 2967 Kimpf
1779 2932 1799 2957 e
1808 2932 1866 2964 n«,
1906 2920 2010 2958 cuiue
2034 2920 2358 2958 commentationis
2383 2932 2469 2967 pare
2494 2919 2600 2966 prior

222 2984 436 3030 praeposita
460 2985 518 3018 eet
539 2982 810 3029 progr-animati
833 2981 941 3017 huius
964 2982 1147 3029 gymnasii
1170 2993 1203 3020 a.
1229 2982 1332 3020 1859.
1359 2982 1472 3026 edito,
1501 2995 1533 3020 a.
1563 2984 1665 3021 1865.
1689 2984 1815 3020 altera.

358 3046 396 3091 2)
421 3044 473 3082 Cf.
499 3045 621 3081 Fulda
645 3045 981 3092 Untereuehungen
1005 3057 1041 3092 p.
1070 3048 1136 3082 106
1163 3057 1215 3091 sq.

355 3109 392 3155 3)
416 3109 471 3147 De
497 3107 769 3157 significatione
793 3108 901 3146 huius
925 3109 1100 3156 loquendi
1127 3109 1309 3147 formulae
1333 3110 1427 3148 conf.
1453 3109 1573 3147 Fulda
1597 3123 1633 3157 p.
1662 3111 1727 3147 105
1754 3113 1792 3146 et
1820 3109 1897 3145 109.
