2865 3711
1425 223 1474 261 19

253 342 478 399 Διὸςνόος
502 342 585 402 azy.
640 345 751 391 Iovis
781 357 912 397 mens,
956 343 1154 388 voluntas
1193 340 1317 386 wille
1354 342 1610 396 (quanquam
1637 352 1664 384 a
1693 340 1884 387 Minerva
1911 342 2110 387 incitatus
2145 341 2254 394 erat)
2281 344 2325 384 et
2355 340 2392 383 0
2421 343 2499 384 242
2528 339 2628 385 ἐπεί

251 435 325 474 μιν
354 415 491 475 ἔγειρε
508 414 614 470 Διὸς
639 413 739 469 νόος
766 414 859 474 οἶγε
896 418 997 472 quia
1012 429 1109 461 eum
1139 415 1252 459 Iovis
1281 414 1496 458 consilium
1525 418 1568 457 et
1596 413 1790 458 voluntas
1817 415 2055 469 excitabat3
2094 425 2177 457 non
2198 412 2395 468 Juppiter
2422 413 2522 467 ipse,
2551 414 2625 456 sed

253 493 343 534 eius
384 491 484 541 νοῦς
523 490 636 534 solus
675 493 839 534 tantam
866 489 950 532 vim
979 488 1126 543 habet3
1170 489 1222 530 H
1255 487 1332 530 103
1374 481 1512 541 δάμνα
1539 499 1614 541 μιν
1645 483 1785 543 Ζηνός
1819 502 1865 532 τε
1897 483 2006 540 νόος.
2064 486 2171 533 Cum
2198 487 2329 542 μῆτις
2362 486 2626 533 coniunctum

252 564 407 618 legitur
430 566 483 604 H
497 565 597 604 447:

649 645 770 700 ὅστις
798 645 859 692 ἔτ’
887 642 1148 691 ἀθανάτοισι
1177 641 1278 689 νόον
1306 644 1378 688 καὶ
1411 646 1538 702 μῆτιν
1568 640 1714 699 ἐνίψει

253 738 328 781 der
358 737 538 781 Vorsatz
567 736 653 780 und
682 735 1082 788 Entschliessungen
1110 734 1344 779 mittheilen
1373 733 1496 787 wird3
1533 737 1760 787 utrumque
1788 734 2036 777 vocabulum
2066 736 2331 779 coniunctum
2360 739 2427 779 est
2457 737 2495 778 Ο
2525 739 2628 777 509:

651 813 755 879 ἧμιν
784 822 820 866 δ’
855 823 909 866 οὔ
936 839 1002 874 τις
1029 822 1166 885 τοῦδε.
1187 818 1287 873 νόος
1315 821 1387 864 καὶ
1413 824 1539 877 μῆτις
1569 815 1773 874 α’μείνων.

384 915 430 954 Π
462 913 542 955 688
571 916 614 955 et
646 913 685 953 P
712 914 789 954 176
819 907 919 960 νόος
949 907 1055 960 Διὸς
1080 908 1293 964 κρείσσων
1330 910 1474 954 Iovis
1522 911 1773 953 voluntas
1824 912 2111 964 potentior,
2153 913 2307 967 quippe
2335 924 2447 966 quae
2476 914 2631 957 mutari

254 997 336 1029 non
366 986 509 1039 possit.

385 1073 523 1117 Verba
552 1071 746 1126 copulata
776 1072 879 1115 haec
907 1074 1032 1115 sunt:
1076 1064 1273 1126 ἀγχίνοος
1310 1071 1379 1125 qui
1412 1076 1595 1114 mentem
1630 1075 1674 1114 et
1708 1071 1983 1124 cogitationes
2019 1072 2062 1114 in
2091 1077 2286 1125 promptu
2318 1073 2460 1126 habet,
2490 1074 2630 1117 nahen

254 1145 432 1198 GeisteS‚
465 1144 763 1198 scharfsinnig;
806 1155 889 1185 uno
920 1143 1010 1186 loco
1047 1143 1311 1203 inveniturbv
1338 1145 1417 1183 332
1445 1137 1646 1199 οἷγχίνοος
1684 1142 1755 1184 καὶ
1784 1140 1989 1198 ἐχέφρων,
2036 1147 2080 1186 et
2112 1142 2240 1195 ἄνοος
2266 1145 2436 1197 Stultus,
2484 1156 2630 1189 amens

255 1216 557 1268 unverstundig
590 1219 630 1257 Φ
658 1217 737 1258 441
779 1214 909 1256 α”νοον
953 1212 1128 1271 κραδίην
1169 1214 1368 1269 paraphr.
1412 1208 1594 1272 ἄφρονα.
1652 1214 1833 1260 Nomina
1863 1216 2048 1273 ,propria
2095 1215 2198 1260 haee
2239 1221 2360 1262 sunt:
2407 1216 2630 1269 Ἀλκίνοος

255 1288 493 1332 Phaeacum
531 1299 617 1338 rex,
662 1286 695 1329 si
739 1287 792 1329 ad
826 1284 1009 1329 radicem
1047 1289 1224 1340 spectas,
1273 1287 1381 1328 idem
1418 1285 1506 1329 fere
1542 1286 1776 1338 significare
1813 1288 1988 1338 videtur,
2033 1289 2144 1340 quod
2178 1288 2375 1346 δαΐφρων
2403 1289 2631 1351 Κτᾶῆίςοιι,

256 1360 474 1416 muthigen
519 1358 704 1414 Geiste83
748 1353 965 1411 Ἀντίνοος
1005 1356 1325 1414 procacissimus
1370 1371 1589 1411 procorum
1628 1363 1681 1401 42
1720 1360 1821 1402 locis
1865 1361 2029 1413 legitur,
2071 1355 2292 1417 Ἀρσίνοος
2337 1357 2408 1416 (ἆρ
2439 1368 2483 1405 et
2510 1359 2629 1415 νόος)

254 1433 433 1488 benigna
461 1437 600 1478 mente
629 1431 704 1477 der
733 1431 1008 1477 Freundliche
1036 1434 1088 1474 A
1103 1433 1211 1484 626;
1241 1424 1469 1481 Ἀστύνοος
1497 1431 1637 1475 civilia
1665 1433 1847 1475 sentiens
1869 1433 1952 1486 (fur
1968 1433 2034 1474 die
2052 1433 2178 1476 Stadt
2191 1436 2365 1477 sinuend
2391 1436 2456 1477 vel
2486 1435 2628 1478 Stadt—

256 1505 411 1548 kenner
425 1504 461 1559 Ρ)
506 1505 545 1546 Ε
573 1507 664 1557 144,
706 1505 742 1547 O
770 1507 875 1557 4553
917 1498 1146 1553 Λύτόνοος
1175 1506 1227 1545 Λ
1253 1504 1347 1554 301,
1389 1505 1439 1544 Π
1462 1502 1544 1545 694
1581 1503 1733 1556 (priore
1767 1504 1857 1545 loco
1886 1504 2087 1557 Graecus,
2133 1505 2264 1547 altero
2293 1506 2498 1548 Troianus
2525 1506 2628 1561 est);

255 1568 460 1631 Αὖτονόη
489 1588 517 1618 σ
547 1576 625 1618 182
660 1574 854 1619 ministra
888 1573 1145 1627 Penelopes;
1191 1570 1422 1624 Ἱππόνοος
1464 1577 1536 1627 qui
1574 1588 1704 1628 equos
1745 1577 1873 1629 probe
1917 1578 2123 1632 intellegit
2161 1579 2424 1621 Rosskenner
2453 1581 2506 1620 A
2535 1581 2630 1630 303,

255 1648 308 1691 H
335 1649 386 1690 14
413 1645 578 1692 fortiter
613 1647 800 1692 sentiens
837 1647 912 1691 der
949 1645 1108 1701 kriiftig
1143 1647 1209 1691 vel
1236 1648 1312 1692 mit
1339 1647 1481 1690 Macht
1520 1649 1763 1701 denkende3
1807 1647 2008 1703 Πρόνοος
2036 1653 2087 1690 Π
2111 1653 2189 1692 399
2219 1652 2532 1704 praemeditans
2555 1652 2633 1694 der

255 1719 359 1764 Vor-
389 1719 490 1763 oder
518 1718 914 1763 Vorherdenkende.
2462 1706 2467 1713 ’

1306 1836 1584 1895 Νόημα.

389 1944 605 2000 Significat
640 1949 672 1987 1.
702 1957 761 1988 co
777 1945 993 1997 gitatio,
1040 1944 1253 1996 Gedanke,
1294 1946 1348 1987 ad
1385 1944 1701 1998 significandam
1731 1945 1968 1990 Phaeacum
2006 1948 2172 1990 navium
2210 1947 2474 1999 celeritatem,
2519 1927 2632 2000 [luae

258 2035 281 2073 η
313 2020 365 2061 36
396 2013 456 2068 ὥς
484 2014 523 2061 εἰ
552 2014 715 2072 πτερὸν
744 2012 793 2075 ἧὲ
819 2014 956 2074 νόημα
986 2030 1078 2061 esse
1103 2019 1320 2071 dicuntur3
1364 2021 1415 2060 H
1437 2022 1517 2060 456
1548 2018 1745 2075 Neptuno
1775 2026 1973 2075 querente
2003 2025 2046 2063 et
2074 2025 2255 2071 verente,
2287 2031 2339 2063 ne
2368 2019 2627 2064 Graecorum

256 2091 366 2134 muri
393 2089 507 2134 fama
537 2084 773 2133 diuturnior
801 2092 857 2133 sit
885 2092 1014 2132 muris
1043 2091 1235 2134 Troianis
1263 2104 1289 2133 a
1316 2104 1361 2134 se
1390 2096 1432 2134 et
1460 2092 1654 2146 Apolline
1679 2094 1852 2136 structis
1883 2094 2081 2148 Juppiter
2109 2093 2353 2147 respondet:
2397 2086 2532 2145 ἄλλος
2560 2092 2633 2136 κέν

256 2179 321 2214 τις
356 2164 485 2206 τοῦτο
532 2164 654 2205 θεῶν
697 2162 854 2206 δείσειε
898 2159 1037 2219 νόημα
1084 2164 1174 2206 »ein
1217 2164 1395 2207 anderer
1448 2163 1552 2218 Gott
1593 2164 1751 2207 kfinnte
1802 2167 1910 2208 etwa
1951 2163 2092 2208 diesen
2135 2162 2362 2207 Gedanken
2407 2162 2631 2207 ffirchtend

256 2238 439 2291 hegen«;
468 2239 498 2288 β
531 2239 631 2278 363:

387 2325 514 2367 τίπτε
544 2327 592 2367 δέ
620 2342 700 2379 τοι,
732 2326 833 2383 φίλε
860 2326 1021 2379 τέκνον,
1064 2326 1126 2368 ἐνὶ
1162 2326 1294 2383 φρεσὶ
1322 2327 1451 2368 τοῦτο
1489 2322 1627 2382 νόημα
1655 2326 1892 2380 (sententia)
1930 2322 2109 2375 ἔπλετος
2159 2327 2194 2368 θ
2226 2326 2305 2368 559
2334 2324 2386 2369 de
2416 2323 2631 2369 Phaecum

255 2399 427 2441 navibus
469 2394 588 2439 ἴσασι
632 2394 824 2454 νοήματα
867 2398 938 2439 καὶ
979 2396 1139 2454 φρένας
1185 2392 1365 2451 ἀνδρῶν,
1409 2409 1517 2450 quae
1559 2394 1858 2451 τιτυσκόμεναι
1888 2397 2019 2453 φρεσὶ
2047 2398 2142 2454 νῆες
2172 2396 2453 2450 appellantur,
2495 2397 2520 2450 ξ
2548 2398 2629 2438 273

257 2466 394 2526 νόημα
423 2469 484 2513 ἐνὶ
514 2470 657 2527 φρεσί,
690 2471 800 2513 idem
830 2485 855 2512 ο
886 2472 984 2523 326;
1016 2466 1115 2520 νόος
1144 2468 1207 2512 ἐνὶ
1234 2466 1448 2527 στήθεσσι
1477 2485 1501 2523 ρ
1532 2473 1628 2512 403.

391 2561 427 2601 2.
484 2558 636 2611 Mens,
667 2559 984 2610 intellectus,
1016 2556 1265 2608 Denkkraft,
1295 2557 1503 2601 Verstand
1530 2560 1653 2600 0215
1684 2551 1826 2600 σι’-κέτι
1857 2573 1924 2599 τοι
1954 2557 2107 2614 φρένες
2136 2554 2322 2610 ἔμπεδοι
2353 2552 2454 2599 οὐδὲ
2484 2552 2623 2612 νόημα

256 2629 492 2685 (Verstand)
522 2629 633 2672 idem
664 2632 766 2676 2202
794 2645 818 2670 v
849 2631 929 2671 346
957 2623 1132 2685 Ἀθήνη
1162 2652 1212 2658 -
1244 2628 1543 2685 παρέπλαγξεν
1583 2629 1632 2674 δὲ
1670 2627 1808 2687 νόημα
1847 2630 2036 2675 Minerva
2069 2634 2253 2674 mentem
2284 2630 2327 2673 in
2356 2642 2543 2674 errorem
2572 2630 2632 2672 in·

256 2704 387 2754 duxit,
421 2705 494 2744 »A.
518 2703 683 2744 wandte
711 2702 778 2743 die
812 2701 1049 2744 Denkkraft
1077 2700 1489 2755 (Aufmerksamkeit)
1521 2703 1588 2755 ab,
1634 2714 1680 2745 so
1705 2703 1805 2745 dass
1833 2703 1892 2746 sie
1925 2701 2039 2744 nicht
2073 2700 2307 2745 achteten.«
2375 2703 2417 2743 T
2439 2703 2520 2743 218
2549 2697 2630 2756 ἐγώ

256 2773 304 2816 δέ
332 2789 379 2815 κε
408 2776 503 2817 σεῖο
539 2770 723 2831 νοήματί
750 2788 796 2830 γε
825 2773 1125 2830 προβαλοίμην
1151 2773 1385 2829 (cogitando
1409 2785 1612 2829 superem,
1644 2773 1710 2818 ich
1739 2773 1877 2818 durfte
1906 2785 1959 2817 an
1981 2771 2180 2827 Klugheit
2198 2771 2307 2816 wohl
2335 2770 2631 2826 iibertreffen);

257 2863 279 2888 ν
308 2850 389 2889 330
418 2850 618 2889 τοιοῦτον
645 2846 708 2890 ἐνὶ
732 2844 945 2904 στήθεσσι
975 2843 1112 2902 νόημα
1134 2850 1255 2890 tanta
1282 2848 1323 2889 in
1350 2852 1519 2901 pectore
1537 2847 1772 2903 prudentia,
1803 2858 1849 2891 so
1878 2847 2028 2901 kluger
2043 2846 2110 2891 vel
2136 2857 2182 2891 so
2208 2845 2485 2902 vorsichtiger
2508 2845 2633 2900 Sinn;

257 2923 293 2963 θ
325 2923 405 2963 548
436 2918 618 2976 νοήμασι
646 2920 913 2975 κερδαλέοισι
943 2918 1120 2962 κεύθειν
1149 2921 1313 2974 ingenio
1338 2920 1456 2962 vafro
1479 2920 1626 2962 celare.

391 3014 428 3052 3.
484 3010 711 3063 Indoles,
744 3011 1032 3062 consilium,
1072 3009 1186 3061 Sinn,
1214 3009 1472 3064 Gesinnung,
1511 3023 1535 3064 η
1564 3011 1642 3051 292
1674 3003 1888 3063 νοήματος
1914 2999 2128 3063 ἤμβροτεν
2160 3005 2326 3051 ἐσθλοῦ
2355 3006 2465 3050 bona
2493 3006 2630 3050 indole

256 3084 438 3135 carebat,
469 3099 493 3124 v
523 3086 575 3125 82
604 3082 798 3137 χείρονος
825 3076 980 3137 ἀνδρὸς
1008 3080 1285 3139 ἐϋφραίνοιμι
1317 3079 1465 3138 νόημα,
1497 3081 1522 3136 ζ
1550 3084 1627 3124 183
1657 3077 1975 3138 ὁμοφρονέοντε
2006 3075 2230 3135 νοήμασιν,
2260 3079 2330 3123 ubi
2359 3079 2411 3124 de
2430 3078 2628 3123 felicitate

256 3155 435 3207 coniugii
462 3155 676 3198 concordis
704 3167 841 3198 sermo
869 3159 947 3198 est.
