2865 3711
1406 280 1430 322 6

222 397 369 456 ὁρόων
396 399 535 457 φρένα
563 399 797 455 τέρψομαι.
841 415 862 442 ε
892 402 974 443 458
1005 398 1049 450 ἐς
1077 399 1216 458 φρένα
1244 397 1389 455 θυμὸς
1429 394 1608 457 ἀγέρθη,
1652 401 1702 445 cf.
1734 416 1768 443 ω
1801 403 1894 444 349.
1924 404 1972 443 Χ
1999 402 2079 444 475
2112 400 2165 445 (10
2195 401 2486 446 Andromache
2516 412 2609 456 gra-

223 473 395 517 vissime
440 477 653 526 permota:
702 468 725 527 ἡ
765 471 801 514 δ’
846 470 944 514 ἐπεὶ
983 462 1059 513 οὖν
1098 465 1298 526 ἶίμπνυτο
1339 473 1408 515 καὶ
1448 472 1492 524 ές
1528 474 1664 529 φρένα
1706 471 1850 527 θυμὸς
1888 466 2066 527 ἆγέρθη.
2120 473 2145 526 ζ
2171 474 2224 514 65
2251 470 2343 516 τάδ’
2376 473 2456 532 ἐμῇ
2486 472 2612 531 φρενὶ

221 540 366 586 πάντα
394 542 596 599 μέμηλεν,
646 547 712 587 ter
754 543 907 597 legitur
949 541 1082 597 φρένα
1124 547 1280 599 γηθεῖν
1313 545 1337 598 ζ
1367 547 1443 586 106
1475 544 1631 600 γέγηθε
1662 544 1710 587 δέ
1737 559 1783 586 τε
1813 544 1950 600 φρένα
1977 540 2128 599 Λητιῖ,
2169 546 2222 586 Λ
2248 546 2328 587 683
2357 541 2533 602 γεγήθει
2564 544 2612 587 δὲ

222 612 361 670 φρένα
391 609 576 669 Νηλεύς,
623 614 663 656 Θ
690 616 770 656 559
805 611 962 669 γέγηθε
1002 611 1050 655 δέ
1080 628 1126 655 τε
1164 613 1301 670 φρένα
1331 614 1506 672 ποίμην.
1567 621 1612 659 Ν
1632 619 1713 659 493
1743 613 1915 671 γάνυται
1945 615 1981 659 δ’
2011 616 2094 669 ἄρα
2121 631 2169 658 τε
2199 615 2337 673 φρένα
2366 615 2544 672 ποίμην,
2573 619 2614 658 Ζ

221 687 302 728 481
333 683 483 740 χαρείη
511 681 563 741 δὴ
595 683 732 742 φρένα
764 684 916 740 μήτηρ,
950 684 975 738 ζ
1008 688 1085 726 147
1110 685 1353 737 χολώσαιτο
1393 688 1529 744 φρένα
1559 686 1708 743 κούρη,
1759 689 2112 741 quemadmodum
2149 688 2318 741 saepius
2354 689 2512 743 legitur
2538 704 2613 741 χο-

221 755 414 813 λοῦσθαι
440 754 503 799 ἐνὶ
531 752 674 815 φρεσὶ,
700 756 849 813 θυμῷ,
876 752 1050 812 κηρόθι.
1111 758 1148 800 Ο
1175 760 1253 800 627
1280 757 1512 813 τρομέουσι
1542 758 1590 802 δέ
1608 774 1655 802 τε
1682 757 1817 814 φρένα
1846 759 2006 802 ναῦται.
2034 753 2173 813 αἱρεῖν
2206 757 2343 814 φρένα
2374 774 2399 800 τ
2429 760 2507 801 471
2542 757 2612 812 (de

223 827 435 887 Euryclea
463 828 631 873 Ulixem
660 827 934 884 agnoscente)
963 825 1040 887 τὴν
1069 829 1106 873 δ’
1136 826 1225 885 ἅμα
1244 827 1385 886 χάρμα
1411 831 1483 875 καὶ
1510 824 1638 887 ὄὶλγος
1667 830 1735 875 ἕλε
1764 830 1901 889 φρένα
1931 829 1993 887 (01
2022 832 2074 873 Π
2083 832 2163 874 805
2196 826 2273 873 τὸν
2301 822 2421 887 δ’ἶίτη
2451 828 2612 892 φρένας

222 895 356 958 εἷλε),·
399 897 537 957 αἱρεῖν
576 902 863 946 accusativum
895 914 1101 956 personae
1142 903 1384 948 adiunctum
1422 903 1578 948 habere
1607 904 1737 956 solet3
1781 919 1816 945 w
1848 904 1927 946 353
1955 901 2148 946 δείδοικα
2175 899 2284 944 κατὰ
2312 901 2449 959 φρένα
2478 900 2528 946 cf.
2561 905 2614 943 A

225 977 318 1027 555,
352 977 380 1014 Ι
409 976 511 1026 244;
542 969 779 1028 μερμήριζε
809 970 918 1015 κατὰ
946 973 1084 1030 φρένα
1115 975 1243 1027 (quod
1274 975 1399 1018 semel
1432 975 1631 1025 occurrit)
1662 977 1700 1016 B
1731 977 1755 1016 3
1786 986 1914 1029 supra
1943 976 2315 1016 commemoratum
2350 976 2424 1016 est.
2483 975 2529 1015 K
2556 973 2609 1015 45

221 1045 320 1088 ἐπεὶ
347 1041 453 1096 Διὸς
481 1040 695 1099 ἐτράπετο
725 1041 851 1102 φρήν,
884 1048 927 1088 Κ
945 1048 999 1088 46
1029 1044 1103 1089 ἐπὶ
1135 1046 1271 1104 φρένα
1302 1045 1398 1103 θῆχ’
1422 1042 1617 1102 ἱεροῖσιν,
1648 1048 1705 1088 Μ
1724 1048 1802 1089 173
1823 1048 1960 1089 πεῖθε
1983 1044 2133 1103 φρένα,
2166 1048 2207 1087 T
2239 1048 2317 1088 125
2337 1042 2413 1087 τὸν
2442 1045 2480 1088 δ’
2509 1039 2612 1099 ι’ίχος

223 1114 297 1171 ὄξύ
330 1114 438 1159 κατὰ
464 1116 602 1173 φρένα
629 1113 745 1172 τύψε
776 1119 956 1172 βαρεῖαν
987 1118 1132 1173 (Verg.
1162 1119 1264 1161 Aen.
1297 1118 1318 1161 1
1348 1120 1398 1160 26
1429 1124 1573 1163 manet
1602 1118 1716 1162 alta
1746 1122 1918 1162 mente
1947 1117 2194 1173 repostum).

1287 1238 1589 1292 Φρένες.

352 1325 527 1369 Numeri
560 1326 740 1379 pluralis
770 1337 871 1369 usus
898 1325 1261 1379 frequentissimus
1291 1332 1356 1370 est
1384 1326 1497 1380 apud
1512 1326 1755 1369 'Homerum
1786 1328 1960 1378 excepto
1990 1325 2203 1379 Odysseae
2242 1324 2348 1368 libro
2378 1325 2484 1376 ΧΙῙ.,
2527 1337 2609 1378 quo

219 1408 297 1441 nec
326 1396 482 1453 φρένες
509 1408 585 1440 000
617 1394 732 1453 φρήν
762 1397 985 1441 invenitur.
1043 1396 1261 1451 Significat
1304 1397 1638 1452 praecordia,
1679 1409 1786 1450 quae
1823 1401 2010 1440 ventrem
2041 1397 2300 1450 superiorem
2331 1399 2420 1447 (cor
2447 1400 2490 1439 et
2517 1397 2608 1450 pul-

222 1469 382 1522 mones)
413 1468 467 1511 ab
495 1461 692 1512 inferiore
723 1472 947 1522 separant3
994 1485 1009 1511 ι
1044 1471 1121 1511 301
1167 1470 1347 1524 στῆθος,
1390 1466 1469 1511 ὅθι
1514 1467 1668 1522 φρένες
1711 1458 1828 1523 ἧπαρ
1857 1464 2041 1520 ἔχουσιν,
2087 1466 2158 1510 ubi
2196 1466 2439 1520 praecordia
2477 1466 2610 1520 hepar

220 1541 394 1595 cingunt
424 1541 532 1593 (πο
564 1540 642 1585 das
662 1540 904 1594 Zwerchfell
934 1541 999 1584 die
1029 1541 1166 1584 Leber
1196 1541 1293 1584 inne
1324 1541 1397 1584 hat
1429 1541 1546 1583 »vel«
1579 1539 1910 1595 umschliesst«);
1941 1539 2074 1594 hepar
2103 1539 2213 1581 enim
2246 1538 2324 1582 sub
2354 1539 2610 1593 praecordiis

220 1616 307 1664 est3
349 1613 397 1653 K
429 1614 481 1653 10
510 1611 747 1665 τρομέοντο
776 1611 824 1654 δέ
853 1608 894 1654 οὶ
924 1611 1080 1669 φρένες
1109 1609 1242 1664 ἐντός,
1298 1615 1345 1654 Π
1373 1615 1450 1654 481
1480 1609 1596 1665 ἔβαλ’
1633 1609 1727 1654 ἕνθ’
1758 1604 1844 1665 ὅτ’ρα
1862 1626 1908 1653 τε
1939 1610 2094 1667 φρένες
2121 1607 2296 1665 ἔρχαται
2323 1604 2431 1666 ἀμφ’
2464 1604 2610 1652 ἆὸινὸν

218 1683 299 1736 κῐρ
329 1683 569 1728 vulneravit
598 1695 707 1735 eum,
752 1683 822 1727 ubi
861 1683 1109 1738 praecordia
1144 1683 1340 1728 muniunt
1379 1696 1449 1728 cor
1484 1689 1528 1728 et
1564 1683 1909 1736 circumcludunt,
1951 1685 2032 1725 504
2069 1681 2202 1738 προτὶ
2231 1681 2278 1725 δὲ
2307 1682 2462 1739 φρένες
2490 1677 2607 1738 αὐτῷ

219 1752 382 1798 ἕποντο
417 1755 551 1799 »dazu
592 1755 725 1811 folgte
761 1755 847 1799 ihm
879 1755 992 1810 (dem
1021 1755 1278 1810 Ziehenden)
1320 1756 1394 1798 das
1437 1755 1704 1799 Zwerchfell«
1738 1756 1763 1798 i.
1793 1768 1828 1799 e.
1865 1756 2109 1810 praecordia
2146 1767 2232 1798 una
2260 1754 2603 1799 extrahebantur.

219 1827 286 1870 Ad
314 1828 493 1871 eandem
524 1827 873 1882 significationem
903 1829 1032 1870 etiam
1062 1827 1210 1872 referri
1248 1829 1387 1872 801001
1422 1827 1578 1886 φρένες
1606 1821 1915 1884 ἀμφιμέλαιναι
1950 1827 2050 1870 »das
2076 1828 2147 1881 (zu
2174 1826 2324 1870 beiden
2353 1826 2495 1871 Seiten
2523 1827 2604 1880 vel)

216 1899 493 1953 ringsdunkle
523 1899 587 1942 vel
613 1899 995 1954 ringsumdusterte
1024 1900 1311 1954 Zwerchfell«,
1346 1902 1444 1954 quia
1474 1900 1721 1955 praecordia
1757 1900 1919 1943 inclusa
1956 1900 2120 1954 penitus
2150 1900 2193 1942 in
2221 1910 2395 1953 corpore
2426 1898 2606 1960 conspici

216 1981 300 2013 non
341 1975 546 2023 possunt3
594 1972 638 2013 111
680 1971 813 2014 Iliade
855 1972 1030 2026 legitur:
1074 1975 1128 2012 A
1158 1975 1236 2014 103
1266 1972 1419 2026 μένεος
1464 1971 1512 2013 δὲ
1547 1971 1654 2026 μέγα
1691 1971 1845 2028 φρένες
1881 1964 2190 2027 ἀμφιμέλαιναι
2220 1969 2458 2024 πίμπλαντ’
2489 1970 2600 2012 »und

216 2042 415 2097 gewaltig
458 2041 580 2086 fullte
627 2043 717 2086 sich
760 2044 838 2086 mit
879 2044 987 2086 Zorn
1029 2044 1105 2086 das
1144 2044 1526 2098 ringsumdiisterte
1567 2042 1847 2093 Zwerchfell«,
1907 2045 1946 2085 P
1971 2045 2023 2084 83
2062 2039 2228 2085 πύκασε
2272 2040 2432 2098 φρένας
2473 2035 2606 2098 ἄμφι-

213 2111 420 2167 μελαίνας
447 2113 500 2157 de
528 2115 648 2168 gravi
678 2114 871 2158 Hectoris
900 2114 1055 2165 dolore,
1087 2118 1168 2157 498
1201 2128 1283 2169 sq.:
1336 2111 1359 2157 ὁ
1393 2115 1430 2157 δ’
1470 2109 1701 2167 εὗξάμενος
1731 2114 1802 2156 ,1ιὶ
1833 2114 1967 2167 πατρί
1995 2108 2126 2168 ἆλκῆς
2155 2113 2227 2155 καὶ
2254 2112 2438 2163 σθένεος
2466 2111 2607 2168 πλῆτο

216 2183 377 2242 φρένας
406 2177 739 2242 άμφιμελαίνας,
784 2187 865 2228 573
903 2185 1025 2228 τοίου
1055 2202 1128 2239 μιν
1169 2183 1363 2241 θάρσευς
1397 2186 1536 2243 πλῆσε
1580 2185 1740 2243 φρένας
1778 2179 2106 2241 ἆμφιμελαίνας.
2163 2185 2210 2227 111
2253 2184 2442 2238 Odyssea
2470 2183 2496 2226 ὁ
2527 2185 2603 2224 661

215 2256 304 2311 (qui
335 2267 483 2301 versus
513 2256 664 2300 dubius
695 2258 779 2312 est)
814 2258 974 2312 primus
1004 2258 1121 2302 locus
1148 2258 1367 2312 repetitur.
1418 2258 1574 2314 φρένες
1601 2252 1908 2313 ἀμφιμέλαιναι
1938 2257 2101 2300 duobus
2123 2255 2330 2310 prioribus
2353 2252 2453 2298 10018
2473 2259 2606 2298 meta-

215 2328 385 2383 phorice
412 2328 465 2371 de
487 2329 628 2373 animo
658 2329 843 2374 tenebris
872 2328 1003 2374 offuso
1031 2330 1221 2384 intellegi
1251 2341 1374 2384 posse
1403 2334 1516 2375 10010
1556 2329 1767 2381 statueris,
1809 2328 1881 2373 sed
1915 2341 1997 2372 non
2027 2327 2174 2373 eadem
2199 2331 2265 2372 est
2294 2326 2404 2371 ratio
2425 2325 2538 2371 tertii
2567 2330 2610 2371 et

214 2400 356 2457 quarti
385 2400 479 2445 loci.
536 2400 758 2446 Animus
786 2401 1065 2447 fluctuans
1096 2405 1148 2446 et
1177 2405 1444 2448 aestuans
1474 2401 1665 2446 omnibus
1695 2400 1777 2446 illis
1806 2401 1906 2446 loeis
1936 2400 2113 2456 cogitari
2140 2403 2280 2456 potest
2294 2399 2338 2455 ¹).

350 2472 511 2527 Φρένες
536 2474 782 2530 praecordia
811 2485 940 2529 quum
973 2475 1142 2530 proprie
1172 2475 1226 2519 ad
1256 2486 1408 2529 corpus
1437 2472 1656 2519 referenda
1686 2474 1779 2530 8101,
1810 2471 2045 2530 significant
2076 2472 2217 2518 sedem
2237 2472 2388 2517 mentis
2419 2472 2485 2517 vel
2514 2483 2609 2516 con-

215 2546 415 2589 scientiae
443 2550 486 2589 et
514 2546 731 2590 facultatis
762 2547 901 2599 animi,
933 2558 1017 2600 qua
1047 2552 1195 2590 carent
1224 2547 1397 2592 umbrae
1428 2547 1541 2602 apud
1573 2546 1749 2600 infer0s3
1777 2563 1802 2588 κ
1833 2547 1914 2589 493
1945 2546 1997 2590 de
2029 2545 2189 2590 Tiresia
2219 2548 2330 2598 vate,
2358 2544 2429 2599 qui
2460 2544 2609 2587 umbra

214 2628 331 2660 mera
360 2629 444 2660 non
473 2621 549 2666 est,
578 2617 652 2661 sed
675 2618 932 2662 vaticinandi
950 2619 1032 2661 vim
1065 2619 1286 2663 etiamtum
1308 2619 1447 2671 habet,
1478 2617 1632 2676 φρένες
1663 2615 1850 2674 ἔμπεδοί
1877 2613 2000 2672 εἶσιν,
2038 2619 2081 2660 Ψ
2109 2620 2206 2660 104;
2232 2612 2349 2673 ψυχὴ
2379 2615 2450 2659 καὶ
2478 2611 2605 2658 εἶ’ὀω-

211 2689 302 2739 λον,
331 2684 444 2743 (ἰτάρ
473 2688 629 2746 φρένες
644 2690 890 2744 (»geistiges
910 2689 1095 2742 Leben«)
1130 2685 1207 2733 οὐκ
1240 2687 1301 2734 ἔνι
1332 2688 1530 2746 πάμπαν.
1579 2691 1639 2734 De
1668 2691 1794 2735 animi
1824 2690 1982 2733 viribus
2011 2704 2038 2733 σ
2068 2692 2148 2733 215
2180 2683 2326 2732 οὐκέτι
2355 2703 2425 2731 τοι
2454 2687 2609 2745 φρένες

215 2750 432 2816 ἔμπεδοι)
450 2755 556 2804 ου’δὲ
585 2758 734 2818 νόημα,
766 2761 819 2805 cf.
851 2764 953 2815 2203
984 2778 1018 2819 φ
1039 2765 1120 2806 288
1149 2762 1305 2820 φρένες
1334 2758 1423 2806 οὐδ’
1457 2757 1615 2821 ἠβαιαί,
1645 2768 1685 2805 Ζ
1705 2766 1783 2807 352
1812 2761 1966 2820 φρένες
1996 2759 2182 2816 ἔμπεδοι
2211 2762 2339 2805 animi
2370 2761 2605 2805 constantia

215 2833 300 2889 (ein
327 2832 458 2878 fester
489 2832 631 2888 Sinn);
681 2833 724 2878 Ξ
752 2836 826 2876 141
864 2832 962 2877 ἐπεὶ
992 2829 1044 2878 οὗ
1077 2830 1117 2878 οἱ
1151 2832 1215 2878 ἔνι
1245 2833 1405 2891 φρένες,
1445 2828 1533 2878 οὐδ’
1568 2829 1724 2892 ἠβαιαί.
1783 2833 1861 2878 Est
1891 2834 2019 2878 etiam
2061 2833 2182 2879 sedes
2210 2833 2393 2885 robori83
2436 2832 2488 2876 de
2517 2831 2603 2876 ani-

215 2906 396 2948 malibus
428 2907 471 2946 A
497 2908 576 2946 245
606 2903 712 2959 μετό
743 2906 874 2964 φρεσὶ
904 2906 1087 2963 γίγνεται
1116 2901 1226 2964 ὅτ’λκη
1255 2908 1431 2963 (»Kraft
1469 2920 1544 2950 zur
1574 2907 1754 2952 Abwehr
1791 2908 1832 2949 in
1860 2907 1935 2951 der
1967 2906 2153 2960 Brust«)‚
2199 2908 2250 2948 H
2277 2907 2353 2948 157
2384 2902 2524 2947 τοῖσίν
2553 2917 2600 2946 τε

214 2980 345 3032 (lupis
373 2978 748 3033 0111111νο118)710ρὶ
778 2980 934 3035 φρεσὶν
957 2973 1150 3031 ἄσπετος
1170 2976 1276 3035 ἀλκή
1308 2983 1347 3021 Ρ
1366 2984 1440 3021 111
1465 2982 1543 3021 τοῦ
1573 2980 1609 3020 δ’
1633 2979 1677 3021 ἐν
1707 2979 1862 3036 φρεσὶν
1888 2972 2069 3031 ὅλκιμον
2095 2969 2201 3032 ἦτορ
2229 2978 2473 3029 παχνοῦται
2507 2976 2604 3018 »des

212 3050 408 3103 b'artigen
436 3050 589 3092 Liiwen
619 3050 730 3092 Herz
760 3051 800 3092 in
831 3051 907 3093 der
936 3052 1064 3095 Brust
1091 3053 1205 3095 zieht
1233 3053 1321 3095 sich
1363 3052 1603 3095 erstarrend
1633 3061 1918 3102 zusammen«,
1966 3049 2018 3092 de
2050 3048 2204 3092 Paride
2241 3052 2263 3089 1
2271 3052 2280 3060 '
2307 3050 2360 3091 45
2403 3042 2485 3088 οὐκ
2514 3043 2608 3089 ἔστι

352 3212 387 3256 1)
410 3209 454 3246 V.
480 3210 524 3246 A.
552 3209 692 3246 Goebel
719 3210 918 3246 »Zeitcohn
944 3209 1005 3246 fiir
1029 3210 1307 3246 Alterthumnw.
1331 3210 1463 3251 XVIII,
1488 3212 1593 3252 631«,
1618 3210 1742 3244 Ameis
1773 3209 1954 3254 »Anhang
1979 3219 2021 3242 zu
2050 3214 2087 3243 A
2114 3209 2203 3243 103«
2233 3219 2268 3254 p.
2300 3209 2353 3242 10.
