2865 3711
1414 257 1465 298 16

242 378 462 439 φρονέων,
487 379 572 432 ἵνα,
602 382 655 422 Η
678 382 732 422 34
762 394 816 421 τα
846 377 1092 437 φρονέουσα
1121 379 1192 431 (de
1220 378 1442 434 Minerva),
1478 382 1502 422 Ι
1530 381 1612 423 493
1641 391 1736 423 cum
1760 375 1787 422 ὅ
1815 378 1961 435 (dass),
1994 380 2031 423 Ο
2053 380 2134 423 603
2162 376 2216 422 τὰ
2242 380 2442 438 φρονέων
2470 381 2529 436 (in
2558 381 2633 426 der

239 452 436 502 Absicht)
464 474 521 481 —-
551 449 730 508 ἔγειρεν,
775 453 814 493 P
838 453 933 504 225,
987 452 1032 493 Ψ
1056 453 1137 493 545
1165 448 1219 493 τὰ
1256 450 1469 510 φρονέων,
1511 448 1595 507 ὅτι,
1630 454 1669 495 P
1694 453 1774 494 286
1816 447 2005 510 φρόνεον
2032 451 2284 506 cogitabant,
2323 448 2563 509 s'perabant,
2592 456 2636 499 et

244 524 282 566 Ο
310 525 393 565 703
423 522 696 581 φρονέοντες,
726 524 836 578 quod
866 523 956 566 loco
986 523 1273 567 antecedentis
1304 521 1524 566 ἐλπεσθαι
1558 525 1842 569 substituitur.
1900 527 1959 565 M
1984 526 2063 568 124
2094 528 2137 568 et
2166 528 2214 567 N
2239 527 2317 567 135
2346 524 2503 581 legitur
2532 523 2637 577 ἰθὺς

240 598 424 652 φρονεῖν
457 596 588 651 »grad
617 607 695 638 aus
734 595 941 637 streben«.

375 671 413 710 4.
473 667 656 709 Animo
687 665 949 709 affectum
979 679 1110 719 esse,
1138 667 1349 710 sentire
1375 670 1544 720 gesiunt
1573 669 1673 718 sein,
1708 667 1974 720 participium
2009 668 2257 721 plerumque
2286 669 2345 711 sic
2374 673 2634 721 usurpatur3

241 751 280 782 a.
312 752 406 782 cum
435 743 584 782 neutro
620 738 769 780 adiect.
797 731 948 792 ἀγαθοὶ
987 741 1169 794 φρονεῖν
1212 739 1321 782 bona
1364 744 1503 782 mente
1547 740 1783 793 praeditum
1813 750 1903 782 esse
1935 739 2026 782 edel
2056 739 2224 793 gesinnt
2249 741 2338 783 sein
2366 744 2408 781 Z
2437 741 2529 792 162,
2560 740 2634 784 sed

240 827 269 853 α
297 814 351 854 43
381 812 491 854 bona
533 811 711 854 suadere
753 810 889 854 Gutes
932 811 1085 854 rathen
1116 815 1159 855 et
1188 811 1230 852 Ω
1262 814 1338 853 173
1370 811 1504 856 Gutes
1552 814 1608 855 im
1654 813 1781 856 Sinue
1809 812 1958 865 haben,
1994 814 2038 854 Ψ
2063 815 2143 854 305
2170 810 2233 864 εἰς
2253 808 2399 868 ἀγαθὰ
2424 813 2633 870 φρονέων.

240 885 349 943 φίλα
377 886 557 941 φρονεῖν
584 898 613 925 α
644 886 739 938 307,
780 884 805 938 ζ
832 887 927 926 313.
971 899 997 940 η
1031 887 1095 937 15,
1139 887 1204 935 42,
1247 887 1312 935 75,
1345 900 1379 925 π
1414 887 1478 937 17,
1518 888 1560 927 Α
1586 888 1678 937 219,
1724 887 1761 927 Ε
1790 887 1867 927 116
1897 887 1941 928 et
1969 882 2078 927 κακὰ
2105 888 2287 942 φρονεῖν
2313 885 2465 930 infesto
2495 886 2633 930 animo

241 969 332 1001 oese
362 957 425 1011 (in
456 957 656 1010 aliquem)
685 956 885 999 feiudlich
912 958 1082 1011 gesinnt
1107 958 1208 1008 sein,
1238 957 1367 1003 Boses
1395 960 1452 1001 im
1484 958 1610 1001 Sinne
1639 959 1775 1001 haben
1799 974 1824 999 κ
1845 960 1922 999 317
1964 956 2091 1011 (κακὰ
2119 958 2349 1015 φρονέουσ’
2377 958 2438 1001 ἑνὶ
2469 961 2634 1014 θυμῷ),

241 1044 266 1083 ρ
297 1031 391 1081 596,
423 1043 451 1072 σ
481 1031 575 1082 232,
609 1045 633 1072 υ
665 1032 701 1082 5,
732 1031 781 1073 H
809 1032 876 1080 70,
905 1031 962 1071 Μ
987 1032 1054 1082 67,
1086 1033 1136 1072 Π
1163 1032 1256 1084 373,
1287 1034 1381 1082 783,
1427 1035 1477 1075 X
1501 1034 1582 1075 320
1610 1027 1828 1084 Ἀχιλλευς
1855 1026 2018 1073 πάλλεν
2043 1030 2239 1090 δεξιτερῇ
2268 1030 2468 1088 φρονέων
2496 1028 2630 1075 κακόν

232 1097 408 1154 ’Έκτορι
437 1100 531 1157 δίῳ,
575 1101 628 1145 de
658 1101 806 1145 bestiis
837 1104 882 1143 K
909 1104 992 1144 486
1025 1107 1069 1145 et.
1100 1105 1149 1143 Χ
1170 1105 1271 1151 264;
1307 1098 1415 1146 ολοά
1444 1106 1625 1162 φρονεῖν
1664 1105 1715 1144 Π
1738 1105 1841 1155 701;
1883 1096 2024 1144 α’ταλά
2061 1105 2242 1160 φρονεῖν
2271 1104 2388 1146 laeta
2415 1104 2634 1159 proposita

238 1173 316 1217 sibi
342 1173 499 1218 habere
523 1175 768 1229 jugendlich
799 1175 935 1218 heiter
961 1176 1128 1228 gesinnt
1156 1176 1245 1218 sein
1275 1178 1314 1216 Σ
1340 1177 1434 1228 567,
1464 1171 1624 1216 πικινά
1652 1176 1831 1230 φρονεῖν
1860 1190 1875 1215 ι
1895 1177 1978 1214 445
1998 1176 2318 1230 »verstandigen
2338 1174 2487 1217 Sinnes
2515 1176 2629 1218 sein«

238 1248 282 1288 et
311 1240 430 1287 πύκα
457 1259 544 1300 περ
589 1241 876 1302 φρονεόντων
912 1244 1295 1288 cordatissimorum
1326 1249 1351 1286 I
1379 1248 1460 1287 554
1499 1250 1542 1288 et
1572 1246 1615 1289 Ξ
1639 1250 1740 1300 217;
1788 1242 2029 1300 κρυπτάδια
2064 1250 2246 1304 φρονεῖν
2287 1247 2550 1291 clandestina
2590 1249 2633 1291 in

238 1320 381 1359 mente
411 1317 577 1370 agitare
605 1319 659 1358 A
685 1317 789 1368 542;
830 1315 938 1371 μέγα
975 1319 1157 1372 φρονεῖν
1197 1317 1327 1359 »stolz
1367 1318 1533 1369 gesinnt
1574 1319 1686 1360 sein«
1723 1319 1761 1359 Θ
1790 1320 1881 1367 553,
1928 1320 1980 1358 Λ
2006 1321 2101 1370 296,
2134 1322 2179 1359 Ν
2206 1321 2296 1369 156,
2335 1321 2387 1359 Π
2411 1321 2504 1370 258,
2536 1321 2631 1370 758,

240 1389 290 1428 Χ
315 1389 381 1438 21,
431 1387 484 1431 de
513 1386 660 1430 bestiis
689 1386 818 1441 (nvoll
843 1387 1050 1441 trotzigen
1080 1386 1294 1440 Muthes«)
1322 1390 1375 1428 A
1402 1391 1496 1442 325,
1541 1393 1592 1430 Π
1617 1392 1722 1442 824;
1773 1392 1811 1431 Ρ
1833 1392 1884 1431 23
1926 1385 2060 1431 ὅσσον
2100 1385 2289 1432 Πάνθου
2317 1383 2410 1440 υἷες
2442 1414 2489 1420 -
2523 1405 2630 1446 φρο-

239 1458 420 1511 νέουσιν,
449 1459 521 1502 ubi
547 1457 655 1514 μέγα
684 1471 737 1502 ex
766 1459 1113 1502 antecedentibus
1144 1457 1265 1502 facile
1296 1460 1543 1513 suppletum
1593 1453 1700 1501 ἄλλα
1739 1463 1918 1518 φρονεῖν
1945 1476 1971 1513 χ
2001 1463 2050 1502 51
2082 1461 2209 1504 aliter
2252 1461 2408 1505 sentire
2456 1461 2631 1505 »anders

239 1533 406 1588 gesinnt
452 1532 590 1583 sein«;
637 1530 852 1588 ἐφημερία
894 1534 1076 1588 φρονεῖν
1119 1531 1231 1573 »blos
1273 1531 1343 1574 fur
1384 1533 1542 1575 einen
1588 1533 1680 1586 Tag
1720 1534 1904 1576 denken«
1954 1533 2083 1576 semel
2112 1533 2269 1586 legitur
2298 1549 2332 1588 φ
2363 1536 2434 1575 85;
2479 1530 2629 1588 νήπιοι

237 1597 487 1662 ἀγροιῶται,
517 1602 732 1662 ἕφημερία
764 1603 1038 1662 φρονέοντες.

371 1671 470 1722 ἶσόν
495 1692 578 1721 τινι
608 1679 790 1735 φρονεῖν
821 1676 1081 1722 »Jemanden
1096 1676 1399 1732 gleichgesiunt
1427 1677 1538 1720 sein«
1572 1678 1607 1719 E
1635 1679 1730 1729 441,
1763 1677 1799 1720 Ο
1825 1679 1876 1719 50
1897 1700 1949 1706 -
1967 1676 2005 1721 1).
2039 1688 2132 1721 cum
2165 1676 2333 1721 adverb.
2363 1667 2415 1720 εὖ
2444 1678 2529 1729 (vel
2559 1673 2630 1732 ἑύ)

238 1752 505 1795 coniunctum
535 1752 718 1808 φρονεῖν
749 1749 961 1805 significat
991 1749 1122 1794 bene
1150 1760 1347 1803 cupere
1377 1760 1511 1804 gegen
1541 1748 1775 1793 Jemanden
1804 1751 1880 1803 gut
1908 1749 2073 1803 gesinnt
2103 1748 2192 1793 sein
2222 1765 2246 1804 η
2276 1751 2345 1791 74:

637 1835 753 1865 οισιν
784 1821 820 1864 τ’
853 1811 901 1864 εὖ
929 1820 1154 1879 φρονέῃσι,
1183 1820 1252 1864 καὶ
1281 1817 1458 1876 ἀνδράσι
1495 1819 1636 1863 νείκεα
1668 1816 1758 1863 λύει

238 1896 393 1948 quibus
426 1896 532 1938 bene
560 1896 716 1948 cupiat,
748 1898 793 1936 et
820 1895 920 1936 viris
948 1894 1043 1936 lites
1070 1894 1240 1942 dirimit,
1270 1904 1386 1934 wenn
1417 1892 1477 1934 sie
1510 1891 1692 1935 welchen
1724 1892 1833 1934 wohl
1862 1892 1953 1944 will,
2004 1893 2111 1935 auch
2157 1892 2362 1936 Mannern
2406 1893 2629 1935 schlichtet

238 1969 298 2011 sie
328 1967 645 2020 Streitigkeiten
677 1970 721 2010 et
750 1965 999 2023 ἐυφρονέων
1027 1965 1069 2008 in
1100 1977 1224 2008 versu
1253 1964 1612 2017 quinquiesdecies
1641 1964 1845 2018 repetito:

639 2035 666 2080 ὅ
691 2052 796 2095 σφιν
824 2037 1072 2094 ἐϋφρονέων
1099 2033 1341 2093 ἀγορήσατο
1371 2035 1439 2077 καὶ
1469 2034 1700 2088 μετέειπεν

238 2112 269 2163 β
299 2112 393 2162 160,
426 2112 521 2163 228,
566 2126 592 2165 η
625 2112 716 2159 158,
762 2125 798 2150 π
846 2111 940 2159 399,
986 2124 1022 2149 ω
1065 2110 1130 2158 53,
1177 2110 1274 2160 453,
1319 2110 1371 2148 Λ
1399 2109 1465 2159 73,
1512 2109 1606 2157 253,
1649 2109 1688 2147 Β
1718 2109 1769 2148 78
1801 2109 1896 2162 283,
1934 2110 2100 2158 Η326,
2154 2108 2248 2161 367,
2294 2110 2320 2147 1
2346 2110 2412 2159 95,
2463 2108 2501 2148 0
2535 2109 2628 2158 285,

236 2184 278 2224 Σ
301 2184 404 2235 253;
436 2195 543 2239 σφιν
568 2181 622 2224 ad
652 2181 944 2235 praedicatum
974 2179 1239 2224 referendum
1272 2185 1354 2233 est;
1401 2180 1545 2229 κακῶς
1574 2182 1755 2236 φρονεῖν
1784 2178 1933 2222 infesto
1967 2179 2106 2222 animo
2135 2190 2226 2221 esse
2254 2193 2282 2221 σ
2314 2182 2391 2220 168
2419 2179 2562 2229 κακῶς
2590 2177 2627 2220 δ’

239 2248 404 2298 ὄπιθεν
432 2252 693 2310 φρονέουσιν
726 2252 969 2297 »hinterher
1000 2252 1093 2296 sind
1136 2252 1196 2295 sie
1235 2251 1421 2295 schlecht
1449 2252 1658 2306 gesinnt«.
1716 2244 1853 2308 ἔμφις
1881 2253 2061 2308 φρονεῖν
2091 2255 2137 2293 Ν
2161 2254 2241 2293 345
2277 2250 2509 2294 »discordes
2536 2263 2631 2294 esse

238 2325 510 2369 verschieden
540 2325 710 2379 gesinnt
737 2325 868 2368 sein«.

369 2392 677 2455 ἀλλοφρονέων
709 2397 927 2451 (nominat.
961 2400 1003 2438 et
1030 2400 1214 2440 accusat.
1247 2397 1398 2451 singul.
1428 2400 1574 2448 masc.)
1604 2410 1628 2437 κ
1649 2398 1730 2438 374
1758 2396 1841 2439 alia
1864 2395 2051 2450 cogitans
2084 2407 2161 2439 »an
2183 2399 2312 2439 etwas
2331 2394 2510 2439 anderes
2530 2393 2631 2437 den·

237 2470 391 2521 kend«,
426 2473 470 2512 et
508 2471 553 2511 Ψ
577 2471 658 2512 698
689 2469 742 2512 de
770 2480 832 2519 eo,
877 2469 949 2522 qui
992 2470 1115 2524 quasi
1160 2473 1301 2512 mente
1342 2470 1638 2523 peregrinatur
1687 2468 1954 2512 »bewusstlos
1999 2469 2130 2511 sein«.
2188 2462 2398 2525 ἆφρονεῖν
2438 2467 2628 2520 desipere

241 2542 475 2597 »unsinnig,
505 2541 692 2585 thoricht
718 2541 923 2586 handeln«
957 2541 993 2585 Ο
1028 2543 1107 2584 104
1137 2537 1426 2598 ὁφρονέοντες
1460 2541 1617 2595 (Schol,
1648 2541 1697 2583 V.
1725 2532 1981 2597 ἆφρονέοντι
2010 2544 2055 2585 et
2085 2541 2134 2583 A.
2164 2533 2463 2596 ἄφρονέοντα).
2506 2538 2629 2582 δολο-

238 2612 439 2672 φρονέων
471 2612 524 2656 cf.
550 2625 681 2667 supra
708 2609 951 2669 ὃολόφρων,
984 2609 1252 2669 ὁμοφρονεῖν
1286 2613 1549 2657 concorditer
1591 2613 1747 2656 sentire
1791 2613 1899 2666 einig
1929 2613 2017 2656 sein
2048 2612 2073 2665 ζ
2094 2614 2173 2654 183
2204 2607 2461 2667 (νοήμασιν),
2503 2627 2520 2653 ι
2548 2611 2629 2652 456

241 2685 459 2738 »gleichen
487 2684 601 2736 Sinn,
634 2685 818 2738 gleiches
839 2685 993 2729 Gesuhl
1020 2685 1198 2729 haben«.
1256 2683 1595 2742 χαλιφρονέοντα
1616 2691 1655 2737 ψ
1686 2685 1736 2727 13
1764 2697 1890 2738 supra
1915 2687 2287 2728 commemoratum
2318 2687 2394 2726 est.

1329 2814 1373 2850 N
1397 2805 1421 2850 ό
1454 2824 1478 2849 ο
1503 2824 1537 2856 ς.

374 2897 471 2940 Est
517 2897 761 2942 facultas
806 2901 990 2941 mente
1030 2899 1370 2952 percipiendi,
1418 2908 1575 2946 meus,
1622 2897 1888 2947 voluntas3
1943 2906 2070 2947 saepe
2098 2896 2227 2938 etiam
2268 2893 2545 2947 cogitatio,
2584 2895 2632 2935 ut

236 2969 493 3021 singularem
521 2970 614 3012 eius
642 2972 821 3012 notionis
851 2969 1071 3024 significet,
1098 2971 1220 3013 cuius
1249 2970 1405 3026 φρένες
1432 2968 1610 3022 pluralis
1640 2975 1718 3010 est.

373 3043 408 3081 1.
466 3041 602 3091 Ratio,
655 3052 785 3089 mens,
831 3041 1068 3093 prudentia,
1114 3041 1328 3084 consilium
1357 3039 1582 3089 Verstand,
1626 3038 1847 3090 Vernunft,
1892 3037 2108 3091 Klugheit,
2139 3036 2350 3079 Einsicht:
2399 3037 2437 3077 Ο
2463 3037 2542 3076 461
2575 3028 2628 3075 οὔ

235 3108 353 3164 λῆθε
377 3106 486 3160 Διὸς
510 3107 693 3153 πυκινὸν
721 3107 822 3154 νόον
851 3111 1123 3165 (werstand,
1150 3111 1400 3161 Einsicht«)‚
1433 3114 1478 3154 et
1506 3112 1610 3152 643:

634 3183 706 3227 καὶ
738 3180 840 3228 νόον
867 3182 912 3228 ἐν
940 3179 1156 3239 πρώτοισι
1194 3182 1456 3240 Μυκηναίων
1485 3180 1697 3234 ἐτέτυκτο,
