2865 3711
1381 278 1434 319 26

340 397 392 441 In
422 398 556 443 Iliade
584 392 767 456 ἄναγιγν.
798 399 927 442 semel
955 398 1111 453 legitur
1139 402 1187 442 N
1207 401 1289 442 734
1332 394 1524 453 μάλιστα
1563 399 1611 443 δὲ
1639 399 1676 442 κ’
1705 393 1840 450 αὐτὸς
1880 392 2041 454 ἀνέγνω
2083 398 2267 442 maxime
2295 398 2388 453 ipse
2414 399 2608 454 cognovit

211 470 290 513 vel
307 469 437 512 sentit
464 469 652 524 (quando
680 469 850 513 consilio
878 473 922 512 et
950 469 1176 524 prudentia
1203 470 1359 523 utitur)
1392 484 1487 515 »am
1516 473 1693 516 meisten
1708 471 1886 516 erkennt
1914 482 1962 514 er
1980 470 2089 514 auch
2109 469 2290 522 salbam
2319 474 2387 515 est
2407 472 2600 524 aoristus,

210 552 339 594 quem
370 540 609 595 gnomicum
637 544 801 582 vocant.

343 624 515 685 ἀγνοεῖν
543 633 586 671 et
613 625 805 683 α’γνοιεῖν
848 628 1113 682 ignorare,
1157 639 1255 670 non
1299 639 1464 682 nosse,
1510 641 1676 686 semper
1721 640 1815 673 cum
1858 628 2098 674 accusativo
2136 631 2180 672 et
2217 627 2465 684 plerumque
2505 639 2600 673 cum

210 702 448 756 negatione,
480 719 505 743 v
539 704 588 742 15
618 698 733 742 κύων
760 724 815 731 -
842 692 961 754 ανδρ’
988 694 1230 758 α’γνοιήσας,
1274 709 1315 755 ψ
1348 704 1401 742 95
1433 696 1758 757 α’γνώσασκε-
1715 718 1759 738 --·
1790 697 2072 757 ἀγνοήσασκε,
2110 714 2145 741 ω
2175 702 2258 742 218
2291 694 2490 758 ἀγνοιῇσι
2521 711 2605 744 non

211 786 351 829 nosse,
379 773 493 819 nicht
521 773 712 826 kennen3
748 790 769 816 ε
796 777 850 817 78
880 766 981 816 οὐδὲ
1007 798 1062 806 -
1090 766 1313 830 ἠγνοίησεν
1347 768 1505 817 ἰδοῦσα
1540 775 1650 817 Καλ.
1691 787 1827 827 neque
1859 787 1956 816 eum
1988 797 2038 804 —
2068 786 2152 816 non
2195 773 2315 815 novit
2356 774 2597 828 conspicata

213 842 395 899 Calypso
435 843 550 888 nicht
584 842 820 888 verkannte
860 842 933 887 ihn
972 843 1130 888 sehend
1168 843 1377 900 Kalyp803
1427 849 1481 888 A
1507 850 1585 890 537
1630 841 1735 890 ου’δὲ
1772 870 1824 877 -
1844 842 1960 903 “Hpq
2003 839 2227 903 ἠγνοίησεν
2257 842 2395 888 ἶδοῦσ’
2429 845 2605 889 »nicht

211 917 515 961 verkannte
560 917 628 960 vel
659 916 801 959 wohl
828 916 1034 960 kannte
1063 917 1132 958 vel
1161 917 1255 960 sah
1282 930 1340 960 es
1383 918 1486 962 ihm
1516 920 1608 963 auf
1639 921 1741 963 den
1770 923 1960 963 ersten
1992 918 2144 962 Blick
2173 931 2277 970 an«,
2308 915 2445 961 ἶδοῦσ*
2477 919 2603 974 signi-

211 989 324 1040 ficat,
351 990 520 1043 qualem
547 1002 644 1033 eum
672 990 928 1044 cognoverit,
960 993 1008 1031 N
1031 991 1105 1041 283
1136 991 1177 1030 B
1205 992 1286 1031 807
1318 981 1371 1031 οὔ
1401 1006 1443 1034 τι
1474 994 1585 1042 θεᾶς
1615 990 1725 1045 ἔπος
1753 985 1979 1047 ἠγνοίησεν
2007 990 2139 1033 wohl
2169 991 2425 1033 verstand
2455 1002 2510 1032 er
2537 991 2603 1033 vel

209 1062 305 1105 sah
333 1073 390 1104 er
414 1062 497 1105 ein
529 1061 859 1115 haudquaquam
889 1061 994 1106 deae
1023 1074 1116 1105 esse
1136 1073 1371 1104 sermonem
1394 1061 1633 1118 ignoravit3
1662 1063 1745 1107 fuit
1772 1065 1884 1107 enim
1912 1063 2047 1114 Iridis,
2084 1074 2193 1115 quae
2224 1062 2391 1105 Politae
2420 1063 2600 1115 speciem

209 1134 406 1181 induerat

342 1217 667 1279 ἐπιγιγνώσκειν
695 1235 921 1278 agnoscere
960 1221 1183 1273 erkennen,
1232 1222 1337 1266 coni.
1363 1220 1510 1265 aoristi
1538 1218 1593 1263 ΙΙ.
1620 1218 1685 1261 bis
1712 1215 1868 1269 legitur
1896 1233 1924 1259 σ
1953 1218 2006 1259 30
2034 1214 2106 1257 ἵνα
2135 1209 2379 1267 ἐπιγνώωσι
2405 1213 2475 1254 καὶ
2506 1212 2599 1254 οἵδε

209 1293 507 1353 μαρναμένους
535 1298 585 1341 ut
611 1294 655 1341 hi
684 1306 852 1350 quoque
879 1298 1111 1350 agnoscant
1151 1296 1389 1349 pugnantes
1431 1292 1516 1344 (die
1554 1289 1705 1336 Stfirke
1750 1288 1827 1334 der
1858 1285 2155 1341 Streitenden)‚
2202 1303 2238 1329 ω
2269 1288 2348 1329 217
2392 1279 2445 1328 αἶ’
2479 1301 2526 1327 κε
2557 1282 2600 1338 μ’

211 1364 402 1426 ἐπιγνώῃ
449 1368 526 1414 »ob
557 1379 604 1414 er
641 1366 754 1413 mich
796 1371 904 1413 etwa
929 1365 1081 1411 wieder
1109 1365 1300 1411 erkennt
1308 1382 1326 1405 «
1386 1363 1615 1419 διαγνῶναι
1643 1361 1896 1415 dignoscere,
1943 1358 2192 1411 discernere,
2237 1371 2376 1413 genau
2422 1356 2601 1407 kennen,

213 1440 538 1488 untetseheiden
570 1441 622 1484 H
645 1441 728 1485 424
756 1438 983 1496 διαγνῶναι
1013 1436 1215 1493 χαλεπῶς
1244 1427 1294 1494 ἦν
1312 1428 1451 1491 ανδρα
1480 1433 1660 1481 ἕκαστον
1690 1433 1715 1479 i.
1747 1446 1780 1478 e.
1815 1445 1920 1478 »nur
1949 1430 2025 1476 mit
2062 1429 2193 1476 Muhe
2224 1443 2310 1475 war
2340 1443 2385 1475 es
2415 1428 2600 1484 miiglich

210 1514 337 1569 jeden
378 1525 432 1557 zu
464 1512 838 1567 unterscheiden«;
887 1513 931 1555 Ψ
954 1513 1035 1555 240
1077 1501 1130 1555 εὖ
1160 1506 1539 1566 διαγιγνώσκοντες
1578 1501 1724 1560 (ὀστέα
1756 1529 1802 1537 -
1833 1503 2053 1561 λέγωμεν),
2083 1505 2165 1546 470
2195 1517 2245 1547 ου
2276 1498 2354 1559 γὰρ
2388 1497 2521 1558 ἔγωγε
2552 1490 2600 1544 εὖ

211 1582 505 1643 διαγιγνωσκω
541 1586 675 1630 »deun
705 1585 785 1630 ich
817 1585 1001 1630 erkenne
1031 1597 1076 1629 es
1105 1583 1221 1628 nicht
1246 1583 1353 1627 klar.
1360 1598 1379 1621 «
