2865 3711
1415 198 1460 237 ll

239 331 362 370 ρουσι
389 314 496 358 κατὰ
523 316 697 373 φρένας,
745 317 786 358 Ω
817 320 894 358 114
922 315 1053 373 φρεσὶ
1096 315 1376 373 μαινομένῃσι
1395 328 1397 330 ’
1417 318 1470 359 de
1515 316 1764 369 implacabili
1809 316 1982 359 Achillis
2011 317 2163 367 animo,
2203 315 2229 356 δ
2261 318 2338 355 777
2370 315 2431 357 ε’νὶ
2461 317 2618 371 φρεσὶν

240 380 394 442 ἤραρεν
424 378 523 443 ἧμιν
551 387 738 440 (placuit,
773 400 882 430 »war
901 389 1127 440 'genehm«‚
1157 389 1317 431 Ameis:
1368 389 1464 430 »das
1510 387 1697 430 offenbar
1735 389 1841 429 auch
1871 390 1983 430 allen
2013 388 2198 441 gefallen
2229 388 2364 440 hat«),
2394 391 2441 429 11
2465 391 2514 429 61
2549 403 2617 430 κε·

238 459 466 513 χολῶσθαι
494 458 557 502 ένὶ
586 458 752 516 φρεσίν,
789 464 819 501 Ἰ
840 460 918 501 127
949 455 1170 513 χωόμενος
1200 459 1357 516 φρεσὶν
1385 449 1492 517 ᾗσιν,
1526 462 1570 500 Κ
1586 462 1663 501 139
1696 459 1797 512 περὶ
1827 459 1985 515 φρένας
2005 452 2136 514 ἤλυθ’
2167 456 2248 512 ἰωή
2283 459 2495 512 (cs.supra
2512 471 2552 513 p.
2569 459 2616 513 8)

237 536 281 574 et
310 546 334 583 ρ
366 532 444 572 261
475 529 577 583 περὶ
607 529 654 571 δέ·
683 544 822 585 σφεας
854 523 982 585 ἤλυθ’
1014 526 1097 584 ἰωή
1123 526 1364 586 φόρμιγγος
1393 543 1520 573 sonus
1551 531 1738 572 citharae
1756 542 1826 571 eos
1844 532 2151 581 circumsonuit,
2181 533 2234 570 A
2250 533 2304 571 89
2326 529 2429 582 περὶ
2458 530 2617 584 φρένας

235 601 388 655 ἵμερος
416 597 543 655 αἱρεῖ,
575 604 618 642 Κ
649 602 699 642 10
727 600 963 655 τρομέοντο
994 601 1042 643 δέ
1072 598 1113 642 οἳ
1140 601 1296 658 φρένες
1324 599 1444 652 ἐντός
1492 614 1560 645 nes
1604 602 1727 644 bebte
1763 602 1849 643 ihm
1889 603 2062 645 drinnen
2105 603 2182 645 das
2210 603 2323 645 Herz
2353 601 2614 653 (Gemuth)«,

237 673 288 715 de
320 672 458 716 forma
488 673 626 716 activa
656 672 801 715 addito
831 685 965 716 accus.
994 672 1130 729 φρένα
1156 673 1205 716 cf.
1233 686 1379 727 supra;
1411 675 1435 727 ξ
1462 676 1515 716 88
1546 672 1644 724 δέος
1673 673 1717 715 ἐν
1749 673 1879 729 φρεσὶ
1910 673 2060 716 πίπτει
2100 674 2275 724 „befallt
2304 674 2369 716 ihr
2389 673 2612 724 Gemt'ith«,

237 762 263 799 χ
293 748 373 789 298
400 746 488 787 τῶν
531 745 577 787 δὲ
620 744 775 803 φρένες
816 744 1055 801 ἐπτοίηθεν
1096 746 1260 790 illorum
1307 751 1477 799 pectora
1518 746 1854 799 percellebantur
1890 747 2032 790 dolore
2080 747 2168 799 „ihr
2212 747 2399 790 Gemiith
2451 758 2536 789 war
2575 747 2617 789 in

237 817 472 862 Schrecken
504 818 719 871 gebracht,
748 820 892 871 zagt“;
939 820 965 872 ξ
993 821 1069 860 337
1101 821 1241 862 τοῖσιν
1283 818 1330 861 δέ
1364 817 1470 877 nam)
1500 819 1656 874 φρεσὶν
1695 815 1843 874 ἥνδανε
1880 815 2014 872 βουλή
2049 835 2083 860 ω
2113 822 2194 861 465
2224 813 2277 861 οὗ
2301 815 2379 874 γάρ
2409 833 2515 875 σφιν
2541 815 2618 861 ἅδε

237 892 388 945 μῦθος
418 889 479 932 ἑνὶ
508 889 675 947 φρεσίν.

371 963 530 1016 Φρένες
575 964 701 1006 etiam
742 964 797 1006 ad
842 964 1102 1006 voluntatem
1147 963 1330 1006 refertur
1376 968 1418 1006 et
1460 962 1669 1017 significat
1704 968 1932 1013 mentem,
1974 965 2309 1016 voluntatem,
2339 964 2616 1018 ingenium

237 1035 252 1089 (
256 1036 369 1087 Sina,
399 1036 660 1089 Gesinnung)
690 1041 737 1078 ut
765 1035 925 1092 φρένας
954 1035 1128 1090 τρέπειν
1153 1040 1193 1077 Ζ
1219 1039 1269 1078 61
1304 1033 1489 1091 ἔτρεψεν
1514 1030 1746 1092 ἀδελφειοῦ
1774 1035 1934 1092 φρένας
1965 1032 2091 1091 ἣρως,
2130 1036 2180 1079 cf.
2208 1050 2337 1091 supra
2358 1035 2476 1092 φρήν
2489 1031 2616 1089 έτρά·

238 1122 347 1149 πετο
373 1104 480 1157 Διός
511 1109 554 1149 K
586 1110 651 1149 45.
702 1108 833 1163 φρεσὶ
862 1105 939 1162 γιὶρ
980 1107 1143 1163 κέχρητ’
1175 1102 1387 1166 ἀγαθῇσιν
1429 1124 1453 1163 7
1483 1110 1563 1149 266
1598 1108 1681 1149 »sie
1708 1108 1832 1160 hegte
1862 1108 1955 1150 eine
1985 1112 2085 1162 gute
2115 1108 2369 1162 Gesinnung‚
2402 1108 2522 1150 hatte
2551 1108 2620 1150 ein

237 1184 359 1232 guteS
385 1178 544 1230 Hel·z«;
576 1179 683 1220 idem
715 1179 741 1230 ξ
767 1182 844 1220 421
877 1184 920 1222 et
947 1195 982 1219 π
1012 1182 1110 1230 398;
1153 1179 1204 1221 de
1246 1179 1416 1221 honesta
1459 1183 1598 1222 mente
1641 1179 1768 1221 etiam
1809 1195 1843 1219 ω
1879 1182 1957 1220 194
1992 1175 2157 1232 α’γαθαὶ
2182 1179 2335 1235 φρένες
2365 1170 2472 1234 ἦσαν
2504 1179 2548 1221 et
2577 1182 2625 1220 N

241 1254 318 1293 115
349 1243 526 1293 ἀκεσταί
555 1267 624 1294 τοι
653 1250 808 1307 φρένες
842 1250 1028 1303 ἐσθλῶν,
1062 1253 1098 1294 Ο
1119 1254 1198 1294 203
1229 1251 1437 1306 στρεπταὶ
1467 1251 1547 1307 μέν
1574 1268 1621 1294 τε
1652 1251 1808 1308 φρένες
1834 1250 2020 1293 ἐσθλῶν.
2080 1253 2141 1294 De
2169 1253 2267 1294 Iove
2299 1254 2337 1293 Θ
2365 1255 2446 1293 360
2473 1248 2617 1305 πατὴρ

236 1322 365 1379 φρεσὶ
395 1322 588 1377 μαίνεται
610 1317 688 1365 οὖν,
714 1318 940 1382 ἀγαθῇσιν.
969 1324 1204 1378 μαίνεσθαι
1233 1325 1375 1367 addito
1405 1326 1602 1368 vocabulo
1634 1315 1741 1380 ἦτορ
1773 1326 1837 1366 vel
1858 1325 2013 1381 φρένες
2029 1326 2082 1367 ad
2100 1324 2282 1367 furorem
2302 1326 2455 1367 mentis
2486 1323 2618 1367 refer—

236 1400 318 1439 tur.
397 1395 462 1438 Ad
493 1396 702 1450 ingenium
734 1395 889 1453 φρένες
917 1397 1195 1440 revocandum
1233 1401 1299 1441 est
1335 1398 1460 1440 etiam
1501 1402 1520 1439 1
1531 1402 1539 1411 '
1567 1400 1643 1440 108
1684 1397 1839 1454 φρένες
1868 1391 2126 1452 ἠερέθονται
2158 1398 2255 1440 »der
2284 1396 2385 1440 Sinn
2415 1397 2499 1449 (die
2532 1396 2618 1439 Ge-

236 1469 432 1524 sinnung)
463 1469 516 1511 ist
545 1468 791 1522 flatterhaft,
823 1469 984 1523 luftig«.
1043 1472 1085 1512 A
1116 1470 1195 1513 104
1224 1469 1383 1526 φρένας
1417 1463 1573 1526 ἶίφρονι
1617 1472 1779 1512 πεῖθεν
1818 1482 1888 1512 »er
1924 1481 2110 1521 gewann,
2149 1482 2195 1513 er
2221 1469 2469 1512 iiberredete
2503 1468 2618 1520 ihu«,

237 1541 345 1584 idem
375 1543 424 1582 H
451 1543 543 1593 842,
573 1540 621 1583 cf.
653 1556 681 1582 α
709 1544 774 1593 43,
808 1544 865 1583 JI
891 1543 980 1594 173,
1013 1545 1037 1583 Ι
1068 1545 1169 1594 184;
1215 1545 1263 1584 Η
1288 1545 1365 1585 120
1395 1541 1661 1597 παρέπεισεν
1688 1535 1921 1598 ἀδελφειοῦ
1953 1539 2112 1597 φρένας
2143 1537 2267 1595 ἥρως,
2313 1541 2424 1584 idem
2447 1544 2493 1583 N
2517 1543 2620 1593 7883

238 1617 263 1654 Ι
295 1617 371 1656 119
399 1608 595 1669 ἀασάμην
637 1614 768 1671 φρεσὶ
808 1614 1054 1671 λευγαλέῃσι
1096 1611 1294 1670 πιθήσας
1331 1616 1445 1658 »dem
1485 1615 1698 1668 unseligen
1739 1614 1943 1666 (alioquin
1972 1610 2221 1666 οὕλόμενος)
2251 1612 2375 1657 Sinne
2405 1613 2617 1669 folgend«,

241 1687 277 1729 Ο
309 1689 387 1729 194
417 1686 653 1741 Neptunus,
681 1688 752 1740 qui
785 1687 982 1742 postulat,
1013 1694 1061 1731 ut
1091 1687 1286 1742 <Iuppiter
1315 1699 1365 1731 ea
1391 1691 1511 1741 parte
1540 1687 1695 1740 mundi,
1725 1699 1851 1739 quam
1882 1687 2101 1740 acceperit,
2132 1690 2351 1730 contentus
2380 1687 2448 1738 sit,
2481 1687 2618 1730 iratus

236 1760 354 1801 addit
383 1761 444 1814 τῷ
483 1762 535 1813 ῥα
577 1759 647 1800 καὶ
685 1760 778 1801 οὔτι
806 1757 912 1809 Διὸς
950 1760 1105 1813 βέομαι
1142 1759 1297 1817 φρεσίν
1337 1772 1601 1812 nequaquam
1644 1773 1693 1801 ex
1734 1763 1873 1801 mente
1900 1759 2009 1801 Iovis
2039 1759 2173 1801 vivam
2212 1759 2299 1800 »ich
2338 1758 2472 1799 werde
2504 1758 2618 1801 mich

236 1832 351 1874 nicht
378 1833 486 1874 nach
514 1832 588 1875 des
616 1833 724 1876 Zeus
753 1832 905 1875 Willen
932 1832 1099 1885 stigen«.

370 1903 486 1954 Quae
526 1905 577 1946 de
620 1905 659 1945 vi
701 1909 828 1957 atque
875 1918 953 1947 usu
997 1905 1189 1948 vocabuli
1231 1903 1386 1962 φρένες
1422 1905 1535 1947 dicta
1577 1909 1687 1956 sunt,
1733 1917 1782 1947 ea
1820 1916 1902 1956 quo
1939 1902 2101 1945 facilius
2141 1903 2435 1957 intellegantur
2465 1904 2614 1956 paucis

234 1976 370 2019 verbis
400 1978 733 2029 complectemur.
791 1977 1025 2031 Praecipua
1050 1979 1227 2020 hominis
1274 1991 1373 2031 pars
1417 1990 1564 2031 corpus
1617 1982 1693 2028 est,
1744 1989 1875 2029 quare
1905 1989 2033 2029 quum
2075 1977 2127 2018 de
2169 1978 2309 2018 anima
2352 1981 2395 2018 et
2439 1988 2617 2029 corpore

235 2047 347 2099 apud
377 2046 604 2090 Homerum
636 2060 771 2090 sermo
802 2054 877 2099 est,
922 2049 997 2090 illa
1023 2061 1099 2091 suo
1129 2049 1307 2101 nomine,
1338 2062 1488 2103 corpus
1524 2049 1768 2103 pronomine
1807 2042 1938 2098 αὐτός
1968 2049 2216 2101 appellatur.
2275 2048 2615 2091 Fundamentum

234 2120 419 2173 corporis
462 2121 574 2162 vitae
622 2116 739 2175 ψυχή
789 2126 873 2172 est3
924 2133 974 2163 ea
1016 2121 1119 2174 vita,
1159 2133 1268 2175 quae
1316 2122 1393 2165 sub
1440 2133 1588 2163 sensus
1632 2132 1716 2163 non
1755 2121 1878 2170 cadit,
1913 2122 2003 2170 ταῖς
2032 2119 2186 2176 φρεσίν
2214 2122 2462 2163 continetur.
2523 2120 2616 2162 Pri-

234 2191 368 2234 maria
399 2191 522 2234 huius
552 2193 663 2235 vocis
687 2192 936 2247 significatio
966 2194 1020 2237 ad
1053 2194 1189 2236 locum
1219 2194 1347 2246 redit;
1396 2192 1620 2247 respondet
1644 2193 1754 2235 enim
1785 2192 2029 2234 Latinorum
2062 2192 2261 2235 vocabulo
2291 2193 2617 2244 praecordia

234 2265 277 2304 et
315 2272 407 2304 eam
442 2264 626 2316 corporis
669 2269 834 2317 partem
880 2263 1099 2320 significat,
1141 2276 1251 2319 quae
1291 2269 1478 2307 ventrem
1523 2264 1781 2317 superiorem
1825 2262 1878 2306 ab
1927 2262 2120 2306 inferiore
2165 2267 2355 2315 separat3
2406 2274 2492 2315 qua
2521 2267 2615 2306 tan·

234 2345 361 2387 quam
410 2335 507 2378 sede
556 2347 685 2389 quum
733 2337 1032 2390 antiquissimis
1081 2337 1251 2382 Graecis
1297 2336 1450 2391 ingenii
1490 2336 1715 2380 facultates
1762 2336 1988 2379 collocatae
2031 2346 2120 2378 esse
2164 2334 2417 2385 viderentur,
2458 2335 2617 2392 φρένες

233 2405 438 2458 paulatim
467 2418 550 2447 non
579 2410 666 2447 tam
696 2407 837 2449 sedem
869 2407 1033 2459 mentis,
1063 2419 1222 2460 sensus,
1253 2408 1498 2461 voluntatis,
1538 2408 1610 2452 sed
1635 2420 1709 2462 per
1736 2408 2031 2460 metonymiam
2060 2407 2102 2449 id
2131 2407 2281 2459 ipsum,
2310 2418 2392 2459 quo
2421 2408 2617 2452 animad-

232 2481 447 2532 vertimus,
477 2480 693 2533 sentimus,
721 2480 923 2534 cupimus,
955 2480 1206 2535 significavit
1219 2481 1263 2536 ¹).
1316 2476 1362 2524 Ὁ
1390 2477 1544 2535 θυμός,
1577 2482 1650 2536 qui
1678 2492 1850 2534 corpore
1880 2483 2005 2531 caret,
2045 2479 2087 2523 id
2116 2480 2203 2523 fere
2231 2482 2310 2532 est,
2342 2481 2455 2534 quod
2475 2480 2617 2525 Latini

234 2552 418 2595 animum
447 2553 602 2604 dicunt,
651 2554 824 2608 agitque
853 2566 917 2607 ea,
954 2565 1061 2607 quae
1098 2555 1262 2599 animus
1300 2566 1423 2609 agere
1451 2556 1572 2599 solet.
1629 2554 1768 2606 Quare
1797 2566 1903 2608 quae
1930 2554 1991 2609 τῷ
2025 2554 2155 2609 θυμῷ
2184 2553 2443 2607 tribuuntur,
2473 2553 2615 2608 μένος,

235 2625 347 2674 νοῦς,
376 2626 517 2680 μῆτις,
546 2621 696 2681 βουλή,
729 2626 876 2668 eadem
906 2629 1001 2678 ταῖς
1030 2626 1185 2684 φρεσίν
1213 2627 1488 2670 continentur.

943 2748 1016 2791 De
1046 2748 1226 2791 verbis
1254 2748 1431 2792 addito
1461 2764 1614 2806 φρων
1642 2748 1917 2802 copulatis.

366 2836 519 2879 Addito
548 2852 674 2892 φρων
701 2838 867 2880 interna
896 2838 1104 2890 quaedam
1132 2839 1193 2881 vis
1224 2852 1273 2881 ac
1300 2843 1452 2881 natura
1467 2839 1595 2880 animi
1624 2836 1904 2891 significatur3
1932 2848 2055 2889 saepe
2084 2835 2198 2888 apud
2227 2832 2460 2878 Homerum
2489 2835 2614 2877 alios-

234 2919 314 2961 que
347 2909 572 2961 scriptores
603 2908 750 2951 eadem
783 2921 862 2952 vox
892 2910 1107 2954 abundare
1136 2910 1302 2953 videtur
1332 2914 1407 2953 aut
1426 2910 1486 2953 ita
1515 2910 1660 2953 addita
1687 2922 1788 2960 esse,
1819 2913 1867 2951 ut
1883 2908 1973 2950 iure
1991 2906 2139 2951 abesse
2153 2908 2297 2961 possit.
2355 2906 2463 2950 Tum
2490 2919 2611 2950 voces

368 3073 401 3116 1)
427 3070 540 3106 Plura
564 3071 610 3106 de
635 3082 679 3106 ea
700 3082 741 3106 re
765 3072 828 3116 qui
854 3072 1018 3117 cupiunt,
1041 3071 1176 3107 adeant
1204 3071 1400 3118 Naegelsb.
1431 3071 1556 3107 Theol.
1591 3070 1696 3106 Hom.
1729 3080 1762 3114 p.
1789 3069 1855 3102 331
1883 3079 1960 3112 sqq.
2010 3067 2176 3104 Eandem
2199 3067 2279 3104 fere
2305 3068 2527 3104 sententiam
2553 3080 2609 3104 se·

233 3136 343 3169 cutus
367 3137 424 3168 eet
447 3134 617 3170 Doederl.
646 3135 764 3170 Gloss.
801 3136 894 3178 952,
919 3137 989 3169 nisi
1015 3136 1114 3181 quod
1135 3136 1244 3170 aliam
1267 3138 1368 3171 vocis
1394 3132 1491 3183 φρήν
1518 3135 1699 3182 originem
1725 3133 1867 3166 statuit.
