2865 3711
1407 194 1430 231 7

223 311 296 369 βίη
325 308 481 369 φρεσὶν
519 303 619 353 οὐδέ
654 326 719 362 τις
748 304 855 367 ἀλκή
904 324 971 355 »es
1009 312 1064 356 ist
1105 311 1229 355 keine
1264 311 1389 356 Kraft
1423 314 1481 357 im
1512 313 1688 364 Herzen,
1725 314 1833 357 auch
1874 314 1998 358 keine
2029 314 2209 358 Abwehr
2240 314 2384 365 (Muth
2414 329 2490 359 zur
2518 317 2606 360 Ab·

223 382 395 435 weho«,
452 385 490 422 Y
515 384 590 423 381
625 381 781 439 φρεσὶν
811 377 978 436 εἱμένος
1019 377 1164 438 ἀλκήν.
1197 384 1262 425 ’Θ
1292 385 1372 424 202
1410 377 1673 441 ὀλοφύρεται
1714 382 1758 426 ἐν
1793 385 1923 440 φρεσὶ
1969 381 2116 439 θυμός
2159 390 2203 428 et
2244 387 2326 428 413
2371 384 2432 428 ἐνὶ
2472 386 2606 444 φρεσὶ

223 452 431 508 μαίνεται,
474 457 525 496 Π
546 456 625 495 242
667 450 891 508 θάρσυνον
933 453 981 496 δέ
1023 451 1064 496 οἱ
1105 445 1210 509 ἦτορ
1249 453 1310 497 ἑνὶ
1348 453 1480 511 φρεσί
1512 458 1556 497 et
1592 456 1673 497 435
1708 453 1840 506 δίχθα
1875 455 1922 498 δὲ
1961 455 2039 509 μοὶ
2076 454 2229 511 κραδίη
2257 454 2415 509 μέμονε
2449 457 2605 513 φρεσὶν

225 525 485 581 ὁρμαίνοντι,
517 529 562 567 Κ
590 529 670 568 232
709 525 769 568 ἑνὶ
809 526 940 582 φρεσὶ
979 527 1124 580 θυμὸς
1163 523 1338 579 ἐτολμα,
1379 529 1425 568 Ν
1457 528 1536 568 487
1567 524 1641 568 ἕνα
1677 526 1807 582 φρεσὶ
1835 525 1981 580 θυμὸν
2020 524 2204 580 ἔχοντες,
2254 523 2404 570 m‘386
2431 528 2527 581 δίχα
2555 529 2603 572 δέ

225 612 330 654 σφιν
359 597 421 640 ἑνὶ
449 597 580 655 φρεσὶ
609 594 756 651 θυμὸς
784 590 891 652 ἄητο
922 597 1128 651 (spirandi
1154 598 1271 641 notio
1301 598 1429 640 etiam
1458 597 1571 650 apud
1597 598 1769 641 Latinos
1798 598 1853 641 ad
1882 599 2178 652 cogitationem
2204 602 2248 641 et
2268 604 2452 642 mentem
2478 599 2605 643 refer-

224 673 325 722 tur),
358 685 381 711 ν
410 672 491 712 320
520 669 674 725 φρεσὶν
701 658 798 726 ᾗσιν
828 666 939 721 ἔχων
968 668 1243 723 δεδαϊγμένον
1268 660 1387 725 ἦτορ,
1415 685 1440 712 ο
1474 672 1549 712 165
1580 671 1713 713 πᾶσιν
1742 668 1802 712 ἐνὶ
1839 669 1970 728 φρεσὶ
1999 668 2144 725 θυμὸς
2174 668 2308 728 ἰάνθη
2339 672 2498 726 (mllen
2524 673 2606 716 hob

222 742 310 787 sich
329 742 404 787 der
420 742 542 786 Muth
571 743 625 785 in
653 743 740 786 der
769 743 970 794 Brust«,
995 742 1145 786 Latine
1175 742 1239 786 his
1268 742 1367 785 locis
1394 748 1557 785 vertere
1591 744 1750 797 poteris
1797 744 1846 785 in
1876 746 2121 798 pectore),
2162 745 2274 787 idem
2306 746 2349 786 Ω
2377 748 2471 798 321,
2500 751 2545 789 et
2569 749 2612 787 Ψ

226 817 307 858 600
335 812 445 868 μετὰ
473 814 604 871 φρεσὶ
631 812 779 867 θυμός
808 811 940 868 ἰάνθη
971 814 1144 866 (omisso
1173 813 1305 870 φρεσὶ
1335 813 1360 855 δ
1390 816 1469 855 549
1500 810 1646 866 θυμὸς
1674 809 1838 867 ἰάνθη),
1876 829 1900 854 ο
1928 816 2009 854 486
2034 812 2093 855 ἐνὶ
2123 815 2254 869 φρεσὶ
2283 813 2433 868 θυμὸν
2462 810 2608 868 ὄρίνας

228 885 398 940 (omisso
427 884 558 942 φρεσὶ
589 885 615 938 ξ
641 885 756 938 361),
798 900 826 928 σ
857 887 937 928 344
966 886 1044 941 κῆρ
1075 881 1264 940 ιῖίρμαινε
1294 884 1449 943 φρεσὶν
1476 874 1585 943 ᾗσιν,
1619 901 1641 926 ι·
1671 888 1722 927 38
1749 881 1896 939 θυμὸς
1925 883 1986 927 ε’νὶ
2017 886 2146 942 φρεσὶ
2165 887 2418 942 μερμηρίζει
2433 890 2463 940 ¹)
2495 887 2607 932 idem

227 975 264 1001 π
297 961 362 1011 73,
400 960 444 1001 Ψ
463 961 539 1001 172
563 959 662 1016 τῇγε
692 954 893 1016 σιδήρεος
923 957 967 1000 ἐν
996 957 1126 1016 φρεσὶ
1158 955 1302 1012 θυμὸς
1330 971 1426 1000 nam
1458 956 1553 999 huic
1573 957 1740 1011 quidem
1770 956 1931 1000 ferreus
1964 958 2003 998 in
2021 963 2186 1011 pectore
2208 961 2374 1003 animus
2404 965 2470 1004 est
2496 962 2607 1012 (mie

225 1030 302 1073 hat
329 1030 428 1073 kein
458 1029 614 1073 Gefnhl
643 1028 712 1072 fiir
741 1029 851 1072 mich
881 1030 923 1072 in
954 1030 1027 1072 der
1069 1030 1253 1083 Bmstu),
1294 1033 1320 1071 I
1350 1032 1429 1072 462
1470 1022 1618 1070 ου’κέτι
1649 1053 1701 1059 -
1731 1025 1919 1083 ἐρητύετ’
1961 1028 2005 1070 ἐν
2033 1030 2165 1085 φρεσὶ
2207 1028 2354 1083 θυμός
2391 1033 2525 1085 patris
2564 1033 2608 1075 in

225 1102 348 1146 domo
376 1095 534 1144 versari
564 1112 646 1143 non
675 1102 759 1144 iam
788 1101 906 1155 potui
936 1100 1049 1153 (nich
1078 1101 1237 1144 konnte
1267 1114 1312 1145 es
1343 1102 1459 1145 nicht
1487 1100 1606 1143 mehr
1635 1100 1882 1144 aushalten«
1918 1113 1970 1143 zu
2009 1100 2213 1153 bleiben);
2255 1101 2474 1147 Phoenicis
2504 1103 2608 1147 haec

226 1175 355 1217 verba
383 1178 493 1227 sunt,
535 1174 608 1226 qui
648 1178 854 1228 perpetua
895 1174 1077 1227 quadam
1109 1174 1235 1216 animi
1272 1175 1448 1217 tristitia
1477 1178 1568 1217 tum
1609 1173 1845 1217 tenebatur.
1904 1173 2123 1218 Praeclare
2150 1175 2399 1219 describitur
2426 1178 2607 1230 ignavus

225 1246 267 1288 in
296 1246 455 1289 insidiis
483 1245 647 1288 locatus
677 1249 724 1286 N
748 1248 829 1286 280
858 1238 964 1286 ου’δέ
992 1240 1033 1286 οἱ
1063 1244 1251 1298 ἀτρέμας
1277 1234 1411 1302 ἧσθαι
1441 1242 1627 1300 ἐρητύετ’
1660 1244 1705 1287 ἐν
1733 1245 1863 1300 φρεσὶ
1890 1242 2036 1298 θυμός
2074 1246 2237 1290 animus
2274 1259 2355 1289 non
2383 1249 2607 1302 permittit,

226 1322 275 1359 ut
304 1319 444 1369 quiete
474 1317 620 1359 sedeat
643 1316 777 1369 (»sein
806 1316 1027 1358 seelischer
1054 1318 1241 1358 Zustand
1272 1320 1475 1369 gestattet
1503 1315 1590 1356 ihm
1614 1315 1730 1356 nicht
1760 1315 1846 1357 still
1876 1327 1928 1356 zu
1957 1316 2151 1367 sitzen«).

359 1388 548 1440 Uterque
590 1400 789 1430 numerus
832 1392 874 1428 et
917 1387 1144 1447 singularis
1188 1392 1232 1429 et
1271 1388 1456 1439 pluralis,
1504 1391 1552 1428 ut
1588 1386 1836 1429 Latinorum
1880 1391 2026 1438 pectus
2062 1387 2255 1438 (»Herz«,
2305 1388 2506 1438 »Brust«)
2550 1389 2603 1431 de

227 1461 389 1504 ratione
418 1462 463 1503 et
495 1460 747 1513 cogitatione
768 1461 910 1512 (nvom
931 1459 1327 1512 Denkvermogen«)
1348 1463 1618 1512 usurpantur,
1650 1459 1721 1501 ubi
1743 1459 1988 1502 Latinorum
2020 1460 2239 1510 animus,
2271 1473 2412 1502 mens
2432 1473 2604 1513 respon-

228 1532 300 1575 det
328 1534 475 1584 (nostr.
507 1530 644 1582 Sinn‚
689 1530 866 1583 Geist,
913 1530 1109 1584 Seele);
1160 1531 1283 1573 multi
1311 1530 1404 1581 loci',
1450 1530 1522 1583 qui
1561 1542 1689 1584 supra
1730 1530 2045 1573 commemorati
2082 1535 2181 1573 sunt
2211 1530 2262 1584 (s.
2290 1545 2328 1574 v.
2360 1528 2497 1588 φρήν)
2522 1531 2606 1575 huc

229 1603 436 1648 referendi
465 1607 583 1657 sunt3
620 1603 771 1646 deinde
814 1603 946 1659 φρεσὶ
982 1605 1099 1645 νοεῖν
1126 1618 1154 1644 α
1183 1605 1262 1644 322
1291 1598 1315 1645 ὁ
1345 1601 1392 1645 δὲ
1419 1602 1576 1659 φρεσὶν
1601 1591 1673 1660 ᾗσι
1708 1599 1863 1651 νοίσας
1900 1601 2001 1654 (»da
2038 1614 2084 1644 er
2115 1614 2159 1644 es
2196 1603 2238 1645 in
2267 1603 2423 1646 seinem
2452 1604 2610 1646 Innern

230 1675 450 1730 merkte«),
480 1676 589 1720 idem
614 1690 639 1730 γ
671 1677 735 1726 26,
764 1677 903 1727 1600,
938 1676 975 1718 Ο
1001 1677 1066 1723 81,
1102 1677 1234 1718 Υ310
1263 1674 1391 1729 (μετὰ
1419 1674 1583 1732 φρεσί),
1613 1678 1662 1717 Χ
1674 1677 1753 1717 235
1784 1675 1856 1716 νῦν
1882 1673 1918 1716 δ’
1952 1671 2018 1717 ἔτι
2047 1673 2118 1716 καὶ
2147 1674 2314 1728 μᾶλλον
2337 1676 2445 1718 νοέω
2474 1675 2608 1734 φρεσὶ

227 1744 498 1804 τιμήσασθαι
533 1747 660 1801 »jetzt
685 1746 874 1802 gedenke
913 1747 980 1791 ich
1009 1746 1104 1791 dich
1137 1747 1245 1791 noch
1279 1746 1375 1789 weit
1404 1745 1526 1790 mehr
1560 1745 1602 1788 in
1632 1744 1810 1787 meinem
1840 1743 2006 1787 Herzen
2032 1758 2085 1787 zu
2113 1744 2281 1788 ehren«.
2336 1741 2447 1798 μετὰ
2474 1745 2608 1803 φρεσὶ

225 1816 467 1872 βάλλεσθαι
505 1822 533 1862 Ι
558 1822 642 1862 434
684 1816 741 1873 (εἰ
777 1817 855 1873 μὲν
892 1816 944 1874 δὴ
989 1814 1144 1862 νόστον
1179 1834 1225 1874 γε
1261 1816 1371 1872 μετὰ
1405 1817 1537 1876 φρεσὶ
1566 1841 1616 1848 —
1648 1813 1847 1871 βάλλεαι)
1881 1817 2078 1860 inducere
2117 1817 2160 1860 in
2198 1817 2382 1859 animum
2410 1817 2518 1871 (sich
2549 1818 2608 1861 im

229 1890 373 1936 Geiste
403 1890 689 1942 vornehmen)‚
721 1890 746 1932 λ
775 1893 854 1933 428
883 1886 975 1947 ἥτις
1002 1887 1054 1949 δὴ
1082 1892 1262 1934 τοιαῦτα
1289 1887 1398 1946 μετὰ
1415 1889 1575 1948 φρεσὶν
1597 1886 1700 1945 ἔργα
1719 1885 1900 1946 βάληται
1935 1888 2085 1933 »welch
2107 1889 2200 1932 eine
2213 1889 2316 1933 eben
2335 1889 2607 1945 dergleiehen

229 1963 394 2007 Thaten
417 1963 505 2007 sich
533 1964 575 2006 in
589 1963 670 2006 den
688 1962 791 2006 Sinn
805 1963 1001 2005 kommen
1030 1963 1174 2013 lasst«,
1205 1978 1231 2003 τ
1250 1966 1302 2005 10
1328 1961 1390 2005 ἐνὶ
1417 1962 1550 2020 φρεσὶ
1583 1958 1741 2016 ἔμβαλε
1763 1960 1929 2015 δαίμων
1957 1967 2001 2004 et
2037 1965 2077 2002 T
2092 1964 2144 2003 88
2175 1960 2330 2017 φρεσὶν
2348 1958 2539 2015 ἔμβαλον
2554 1987 2606 1994 -

228 2028 344 2089 ὄὲτην,
374 2036 419 2076 et
446 2034 518 2086 qui
549 2045 696 2076 versus
716 2032 954 2076 audientiae
983 2032 1199 2076 faciendae
1226 2035 1398 2077 inservit
1424 2027 1529 2076 ἄλλο
1559 2032 1606 2076 δέ
1634 2048 1703 2075 τοι
1736 2032 1855 2086 ἐρέω,
1894 2030 1946 2075 σὺ
1976 2033 2012 2074 δ’
2043 2031 2104 2074 ἐνὶ
2134 2032 2265 2088 φρεσὶ
2292 2028 2450 2085 βάλλεο
2480 2035 2608 2091 σῇσιν

228 2106 344 2148 aliud
371 2111 515 2147 autem
546 2104 623 2146 tibi
652 2104 801 2154 dicam,
831 2109 881 2146 tu
911 2117 1008 2147 vero
1038 2105 1081 2146 in
1112 2109 1251 2147 mente
1280 2117 1433 2160 repone
1461 2111 1548 2158 tua,
1596 2104 1665 2158 (cf.
1684 2102 1820 2159 'Verg.
1853 2107 1954 2145 Aen.
1991 2104 2055 2146 111
2086 2107 2164 2145 338
2194 2109 2241 2145 tu
2268 2104 2435 2147 condita
2464 2113 2608 2150 mente

229 2176 389 2229 teneto)
419 2176 444 2217 λ
475 2179 571 2227 454,
616 2191 641 2215 τ
671 2177 762 2225 236,
800 2178 892 2225 495,
925 2179 1019 2229 570,
1056 2192 1091 2215 π
1127 2179 1220 2227 281,
1253 2179 1346 2229 299,
1383 2192 1406 2230 ρ
1439 2180 1532 2229 548,
1571 2181 1623 2217 A
1651 2178 1742 2226 297,
1784 2180 1825 2217 A
1849 2180 1913 2227 39,
1944 2179 1981 2216 E
2008 2179 2100 2226 259,
2132 2179 2158 2216 ι
2185 2178 2278 2226 611,
2310 2179 2361 2216 Π
2384 2180 2479 2228 444,
2511 2180 2607 2229 851,

232 2252 273 2290 Φ
303 2251 378 2301 94;
408 2248 523 2301 prius
553 2247 860 2290 hemistichium
889 2248 1014 2290 etiam
1052 2250 1094 2288 Ψ
1119 2251 1172 2289 82
1203 2253 1247 2291 et
1278 2250 1315 2290 O
1341 2252 1418 2289 212
1448 2251 1614 2303 legitur.
1673 2248 1732 2290 ἐνὶ
1777 2249 1907 2305 φρεσὶ
1943 2252 2088 2289 ποιεῖν
2120 2252 2162 2288 N
2190 2252 2241 2288 55
2279 2249 2424 2304 σφῶιν
2450 2249 2487 2290 δ’
2522 2238 2608 2292 ὦδε

228 2322 351 2364 θεῶν
378 2337 443 2371 τις
472 2319 533 2362 ἑνὶ
562 2319 693 2377 φρεσὶ
721 2316 955 2376 ποιήσειεν.
991 2319 1035 2362 ἐν
1064 2321 1194 2377 φρεσὶ
1223 2324 1378 2376 γνῶναι
1405 2337 1433 2362 α
1462 2326 1544 2363 420
1572 2322 1853 2375 (Τελέμαχος)
1884 2321 2013 2377 φρεσὶ
2042 2322 2079 2362 δ’
2100 2314 2322 2374 ἀθανάτην
2340 2320 2451 2363 θεὸν
2483 2319 2609 2377 ἔγνω,

228 2411 254 2448 χ
287 2398 364 2437 501
394 2392 599 2450 γίγνωσκε
624 2392 661 2436 δ’
692 2385 774 2448 ἶίρα
805 2393 935 2451 φρεσὶ
964 2390 1121 2448 πάσας,
1151 2397 1204 2435 A
1231 2398 1321 2445 333,
1355 2396 1392 2437 Θ
1411 2399 1493 2437 446
1525 2392 1632 2449 ἔγνω
1663 2383 1759 2452 ᾗσιν
1788 2393 1850 2437 ἐνὶ
1880 2393 2046 2449 φρεσίν,
2079 2396 2129 2434 Π
2152 2395 2244 2446 530,
2274 2396 2324 2434 Χ
2341 2396 2434 2444 296,
2467 2395 2509 2436 Ω
2527 2397 2609 2438 563

230 2467 280 2510 σὲ
309 2466 529 2522 γίγνωσκω
561 2491 614 2497 -
646 2466 813 2523 φρεσίν.
843 2466 991 2508 θεῖναί
1019 2466 1104 2508 τινί
1130 2482 1172 2509 τι
1209 2466 1348 2528 {na-vel
1378 2467 1438 2509 ἐνὶ
1466 2467 1598 2523 φρεσί
1626 2468 1794 2521 (Einem
1822 2471 1951 2509 etwas
1981 2467 2043 2507 ins
2073 2466 2181 2507 Herz
2213 2466 2277 2508 vel
2314 2466 2355 2507 111
2393 2467 2477 2509 den
2507 2466 2611 2510 Sinn

229 2539 368 2593 legen)
400 2555 428 2580 α
460 2543 513 2581 89
544 2538 617 2580 καί
646 2534 688 2581 οἱ
715 2537 844 2591 μένος
876 2538 920 2586 ἐν
952 2539 1083 2594 φρεσὶ
1112 2539 1241 2591 θείω,
1285 2540 1394 2582 idem
1422 2539 1448 2581 δ
1478 2543 1572 2592 729,
1610 2556 1634 2594 γ
1666 2542 1716 2580 76
1749 2533 1854 2593 αὕτη
1884 2536 1960 2592 γὰρ
1992 2537 2053 2579 ἑνὶ
2081 2537 2212 2592 φρεσὶ
2241 2534 2414 2590 θάρσος
2441 2533 2610 2595 Ἀθήνη

229 2612 346 2667 θῆχ’,
376 2611 427 2655 cf.
459 2611 483 2665 ζ
514 2615 604 2661 140,
636 2611 663 2663 ξ
690 2614 782 2661 227,
817 2614 935 2654 1183
966 2610 1010 2653 ἐν
1038 2611 1169 2668 φρεσὶ
1198 2611 1326 2663 θείω,
1358 2612 1417 2662 (et
1441 2612 1585 2655 addito
1615 2612 1851 2654 accusativo
1882 2608 1991 2660 ἔπος
2021 2610 2046 2651 λ
2078 2612 2154 2652 146
2186 2616 2228 2653 et
2266 2614 2307 2651 T
2330 2611 2439 2664 121),
2469 2627 2493 2653 ο
2515 2614 2609 2667 234,

229 2699 266 2724 π
297 2687 376 2725 282
409 2683 470 2725 ἐνὶ
500 2683 631 2739 φρεσὶ
659 2680 793 2736 θήσει
825 2678 1001 2737 Ἀθήνη,
1030 2684 1141 2727 idem
1172 2687 1248 2725 291
1281 2684 1452 2737 (omisso
1482 2678 1617 2735 Ἀθ),
1652 2687 1699 2724 Ν
1727 2686 1799 2723 121
1834 2679 1879 2723 ἐν
1916 2681 2045 2737 φρεσὶ
2074 2681 2220 2722 θέσθε
2250 2679 2360 2722 αἰδῶ
2391 2682 2462 2722 καὶ
2490 2682 2608 2736 νέμε·

229 2771 298 2798 σιν
329 2756 470 2808 (simil.
504 2754 566 2798 ἐνὶ
593 2757 725 2810 θυμῷ
755 2757 792 2799 Ο
821 2759 896 2797 561
929 2760 972 2799 et
998 2757 1096 2808 661)
1129 2757 1324 2799 »scheuet
1355 2757 1442 2799 und
1469 2762 1663 2808 verat-get
1692 2768 1735 2798 es
1764 2756 1866 2797 euch
1896 2756 1938 2795 in
1962 2767 2090 2795 euren
2119 2755 2326 2803 Herzen«,
2358 2758 2403 2795 Π
2432 2760 2485 2796 83
2513 2767 2608 2797 cum

230 2822 384 2881 μύθου
414 2825 549 2879 τέλος,
578 2829 619 2869 ‹1›
652 2830 728 2870 145
759 2841 851 2872 cum
880 2825 1020 2881 μένος.
1068 2830 1216 2870 θεῖναι
1244 2825 1318 2871 ἐπὶ
1347 2825 1501 2884 φρεσίν
1521 2825 1661 2870 addito
1685 2825 1825 2869 dativo
1853 2838 2052 2879 personae
2066 2825 2224 2879 legitur
2245 2825 2311 2868 his
2340 2827 2441 2869 locis
2471 2831 2524 2868 A
2541 2831 2606 2879 55,

233 2900 273 2942 Θ
300 2901 395 2952 218,
424 2914 451 2943 σ
484 2901 573 2952 158,
607 2913 642 2955 φ
676 2902 694 2941 1
728 2903 771 2942 et
800 2898 950 2943 obiecti
979 2899 1069 2943 loco
1100 2898 1293 2953 (excepto
1325 2897 1459 2953 A55)
1487 2898 1674 2951 sequitur
1693 2896 1940 2943 infinitivus:
1971 2912 1991 2938 ε
2024 2898 2104 2938 427
2136 2896 2307 2951 plenum
2338 2899 2603 2941 enuntiatum

231 2972 382 3016 omisso
412 2970 554 3016 dativo
584 2972 794 3026 sequitur,
839 2967 1069 3015 ἐνέπνευσε
1109 2970 1239 3028 φρεσὶ
1283 2970 1447 3026 δαίμων
1481 2970 1623 3015 addito
1665 2968 1802 3013 dat-ivo
1831 2984 1855 3010 τ
1888 2970 1964 3011 138
1995 2973 2039 3012 et
2071 2966 2182 3020 θεὸς
2215 2968 2263 3013 δέ
2291 2985 2365 3023 μοι
2399 2967 2445 3013 ἐν
2476 2969 2607 3027 φρεσὶ

315 3102 327 3108 x
364 3120 401 3163 2)
426 3118 471 3154 cf.
498 3119 616 3155 Fulda
641 3130 676 3164 p.
706 3119 770 3154 183
798 3130 874 3164 sqq.
